2544 4218
267 227 840 310 bruunulx.
948 239 1019 320 {49'

5 400 6 446 p
48 345 154 402 nota
175 333 213 401 in
234 313 405 401 dividendo
426 331 582 416 supersunt
603 347 661 416 pro
681 324 805 400 calculo
826 327 920 398 toties
941 329 1061 402 restite·

5 451 6 482 t
52 427 169 501 endo,
193 419 297 494 utvhic
320 423 388 491 aliae
409 424 498 491 duae.
812 427 816 435 “

18 505 22 518 '
50 553 54 568 ·
114 535 191 603 135.
212 515 459 601 Multiplicando
481 528 585 584 autern
594 513 766 583 divisorem
788 531 840 600 pet
860 526 1064 612 notamqtro4

53 598 83 674 ti
111 607 277 676 inventam
299 606 553 683 determinatur,
584 606 723 693 quidex
751 629 791 674 ea
814 605 910 690 specie
939 604 1064 692 impen-

50 699 211 766 daturin
234 723 273 768 ea
295 695 534 788 distributione,
555 715 591 766 ut
612 692 667 764 hie
688 695 927 783 multiplicando
948 720 991 785 43
1010 715 1064 784 per

50 789 254 860 ninvenitur
264 795 306 856 86
315 787 639 875 centuriatimpendi.
662 785 1064 879 Subtradiioneinvenitur,

4 879 6 890 ’
45 879 139 964 quid
160 879 237 950 inde
257 881 408 965 supersit,
430 893 466 948 ut
487 881 538 948 bic
560 879 717 968 supersunt
742 897 779 968 15
805 930 813 948 .
843 880 904 948 Ha
921 881 1067 960 centurie
1094 926 1100 937 -

43 970 150 1048 sunt,
173 993 210 1038 ac
231 973 408 1058 conjuncte
431 993 503 1041 cunr
519 973 685 1042 decadibus
707 997 749 1049 o,
771 969 913 1048 efficiunt
936 971 1065 1037 decades

3 1069 4 1076 ’
43 1081 149 1146 '1502
171 1083 207 1130 ac
228 1067 375 1153 quaeritur
394 1067 509 1136 eodem
532 1064 652 1152 pado,
685 1075 765 1153 q'uot
785 1062 915 1148 fingulie
936 1062 1065 1127 decades

44 1151 130 1218 dari
151 1156 293 1241 posfintt
315 1177 408 1246 atque
437 1156 485 1224 ita
515 1157 631 1243 semper
662 1177 682 1223 a
711 1154 866 1241 speciebus
901 1151 1068 1221 altioribus

48 1245 218 1328 gradatim
242 1251 282 1314 'ad
303 1247 472 1316 inse-riores
492 1244 702 1315 descenditur.

112 1347 183 1423 136.
205 1339 306 1407 Porto
328 1340 383 1406 ubi
406 1339 574 1426 quaritur,
596 1339 723 1424 quoties
752 1335 871 1410 divisor
901 1336 1067 1404 continea-

2 1445 3 1460 ¹
50 1443 117 1491 tur
139 1427 174 1494 in
195 1450 282 1515 parte
304 1429 397 1519 quoti
421 1431 588 1518 assumpta,
609 1452 681 1498 non
699 1431 811 1501 sufficit
840 1429 963 1504 videre,
985 1449 1067 1515 quo-

48 1515 119 1581 ties
134 1519 238 1602 prima
254 1523 320 1608 ejus
340 1545 362 1589 n
442 1523 644 1590 contineatur
665 1523 701 1593 in
723 1523 824 1612 prima
838 1518 889 1590 vel
908 1519 1066 1606 prioribus

44 1604 142 1673 binis
160 1609 271 1693 hujuet
296 1541 623 1786 s‘deebet’
642 1613 704 1692 id,
727 1619 905 1703 quodcum
926 1608 1068 1695 sequenti

50 1695 194 1764 sufficiat
211 1699 374 1778 secundae,¹
386 1727 467 1779 cum
504 1704 700 1772 isiribuinon
722 1709 833 1774 debeat
851 1719 1000 1770 numerus
1016 1699 1067 1764 di-

48 1787 212 1855 videndus
229 1788 266 1855 in
291 1786 476 1872 tot'capita,
498 1805 578 1876 quot
601 1796 749 1882 exprimit
765 1795 832 1864 sola
855 1811 935 1858 uota
963 1789 1066 1876 prima

50 1877 225 1953 divisoris,
246 1879 354 1944 sedin
371 1879 521 1945 omniaa
543 1879 675 1965 reliquis
695 1888 793 1956 etiam
815 1885 881 1973 ejus
903 1883 990 1951 notis
1012 1903 1068 1948 ex-

47 1969 172 2054 pressa.
195 1970 298 2055 Atque
319 1969 438 2035 idcirco
460 1967 484 2031 si
505 1968 623 2035 divisor
644 1978 808 2046 continear
836 1977 937 2063 plures
952 1973 1066 2051 notas,

44 2061 234 2128 videndum
255 2060 330 2126 effer
350 2061 454 2147 ptimo
477 2077 521 2124 an
540 2060 627 2146 quod
649 2060 779 2146 superest
794 2069 902 2148 prime
925 2063 1068 2133 notaedi-

13 2222 18 2230 ,
50 2149 172 2219 visoris
194 2150 403 2235 conjundium
426 2165 497 2216 cum
522 2149 663 2237 sequenti
696 2171 776 2220 nota
796 2151 961 2219 dividendi
981 2154 1066 2219 uffi-

51 2241 124 2308 ciat
145 2259 202 2328 pro
219 2240 352 2310 secunda
367 2259 446 2310 nota
470 2239 633 2317 divisoris,
656 2261 723 2311 tum
750 2258 790 2311 an
801 2244 889 2328 quod
911 2241 964 2326 ipsr
982 2242 1069 2326 supe-

53 2333 136 2408 rest,
158 2331 364 2420 conjunctum
383 2353 453 2401 cum
472 2331 536 2398 alia
557 2333 699 2420 sequenti
720 2349 802 2402 nota
823 2331 987 2402 dividendi
1006 2332 1067 2401 suf·

54 2425 148 2492 ficiat
163 2443 220 2510 pro
236 2425 327 2493 tertia
344 2425 506 2499 divisoris,
528 2430 565 2495 de
589 2425 634 2495 ita
652 2441 748 2513 porro
771 2426 866 2513 usque
893 2425 932 2490 ad
953 2420 1068 2508 posite-

54 2537 166 2582 mam.
189 2516 251 2584 Sed
272 2517 424 2605 ejusmodi
441 2516 606 2604 inquisrtio
625 2521 799 2586 admodum
822 2510 955 2584 molesia
975 2515 1071 2590 effer,

55 2611 97 2676 dd
114 2606 387 2694 plerumque„ubi
406 2609 536 2694 superest
551 2623 609 2696 pro
626 2610 789 2688 secunda,
811 2602 956 2696 superesse
987 2603 1066 2700 solet

53 2698 157 2766 etiam
173 2719 231 2786 pro
246 2698 466 2773 inferioribus,
494 2715 567 2766 cum
585 2719 671 2769 nora
688 2704 725 2769 in
743 2702 834 2770 tertia
856 2699 925 2767 sede
948 2698 1066 2767 centies
1159 2725 1162 2735 ’

57 2790 185 2865 mium,
206 2791 244 2857 in
259 2807 372 2878 quarta
396 2788 512 2857 millies
533 2789 642 2856 minus
671 2791 881 2876 exprimant,
911 2784 1005 2875 quim
1027 2789 1066 2857 in

56 2873 179 2968 prima.
201 2881 291 2948 Hinc
312 2880 468 2948 sanserit
490 2881 607 2966 semper
628 2882 733 2950 videre
756 2878 878 2957 seium,
901 2901 942 2946 an
965 2879 1067 2964 super·

56 2973 96 3042 fir
118 2991 175 3057 pro
197 2973 349 3050 secunda,
371 2978 407 3042 dc
430 2973 454 3039 fi
476 2969 557 3039 sorte
579 2971 737 3039 residuum
759 2971 873 3040 deinde
903 2989 973 3038 nou
1003 2969 1072 3038 sus.

58 3063 171 3132 fecerit
192 3083 249 3148 pro
270 3065 424 3151 reliquis,
457 3063 492 3130 id
514 3060 651 3132 calculus
681 3063 743 3150 ipse
774 3061 947 3130 indicabit.
969 3058 1060 3128 Nam

47 3153 266 3239 multiplicato
281 3155 417 3223 divisore
438 3171 625 3242 pernoram
647 3155 740 3242 quoti
762 3155 959 3228 inventam,
990 3169 1063 3236 pro-

57 3247 166 3314 veniet
187 3267 336 3314 numerus
358 3248 459 3331 major
479 3269 537 3322 eo,
561 3268 580 3313 a
600 3265 667 3333 quo
676 3245 818 3314 subtrahi
835 3247 976 3322 deberet,
992 3263 1060 3328 quo

60 3333 360 3406 casunorainven'ta
369 3339 542 3407 minuenda
550 3339 627 3406 esset
635 3338 769 3415 unitate,
777 3335 963 3424 proruam
973 3333 1053 3400 illud

61 3427 257 3505 admon,
288 3435 324 3498 aa
347 3414 546 3520 berberem
578 3428 665 3496 atiud
694 3428 881 3516 proauum
910 3423 1068 3494 divisone

61 3518 259 3604 multiplicati
280 3540 333 3608 per
354 3520 580 3610 notamquoti
601 3520 803 3590 comediam:
828 3518 977 3588 aesarius
998 3514 1061 3587 erit

62 3629 136 3676 raro
158 3612 490 3681 admodnmrestituere
512 3611 689 3690 calculum,
711 3631 807 3701 quam
829 3613 945 3700 semper
967 3607 1057 3676 iliam

61 3703 142 3808 pdeo
164 3700 326 3775 molestant
347 3704 624 3794 investigationem
644 3703 823 3794 instituetcg
846 3749 853 3764 ι
1064 3723 1068 3739 ’

938 3811 1016 3881 137-
