2544 4218
277 289 342 354 240
426 265 489 350 ‚a
536 262 562 329 Ρ
606 249 704 328 ue
748 235 867 333 N-:u'
906 255 923 320 1
968 255 1018 322 x.

227 357 314 424 ¹etum
337 353 464 436 tertium
484 375 555 420 non
577 351 677 438 jaceat
700 349 737 416 in
759 347 912 415 directum
923 365 996 414 cum
1012 337 1151 430 reliquis
1172 339 1272 412 bini

228 449 344 534 semper
365 447 562 514 habebuntur
585 443 666 511 bin'ae
700 440 875 507 solutiones
906 438 1014 524 pratir
1045 436 1193 513 casum,
1227 436 1241 501 i
1269 476 1272 495 .

228 561 296 625 quo
318 539 401 605 ratio
423 539 497 603 data
518 537 556 603 sit
576 535 661 602 ratio
684 530 898 619 aequ'aliratis,
919 527 976 615 qui
997 527 1087 594 casus
1120 525 1264 604 unica..¹

228 628 421 698 solutionem
438 627 596 694 admittet.
618 625 777 692 Siautem
796 623 858 689 tria
883 619 1001 706 puncta
1021 622 1098 686 data
1115 619 1155 685 in
1177 619 1255 686 dire

227 721 319 790 dium
340 723 481 808 jaceanr3
504 719 591 786 casus
609 718 668 784 erit
684 713 884 802 impossibilis
908 711 969 777 nist
988 710 1073 778 ratio
1090 713 1171 778 data
1196 709 1256 777 fue

228 813 271 879 rit
287 815 416 888 eadem,·
438 821 474 878 aa
496 809 579 877 ratio
604 809 753 880 binarum
786 802 1007 872 distantiarum
1036 801 1157 889 punisti·
1175 802 1271 869 tertii

229 926 252 970 a
272 903 429 988 prioribus
448 901 538 969 binis
559 943 570 978 ‚
590 905 629 969 δι
643 919 730 966 tune
750 910 846 984 erunt
879 895 1012 965 infinitae
1045 893 1231 962 solutiones
1255 915 1268 971 3

228 994 350 1082 quavis
371 993 461 1062 enim
480 991 569 1061 retia
589 989 686 1060 ducta
709 1012 728 1056 a
749 987 871 1078 pundlo
892 987 969 1054 dato
990 985 1161 1082 satisfaciet
1181 1003 1271 1072 pro-¹

230 1084 378 1156 blemati.
425 1095 430 1106 ’
496 1125 499 1130 -
650 1113 653 1122 ⁴
713 1115 715 1122 ·

281 1189 354 1246 106·
376 1177 417 1246 Er
438 1167 504 1245 hae
525 1174 655 1265 quidem
678 1176 855 1261 exercendo
875 1168 1023 1260 symm,
1046 1179 1083 1243 δε
1109 1173 1178 1240 alia
1188 1198 1262 1242 ma-

229 1268 278 1358 gis
302 1269 478 1339 'necessaria
509 1273 548 1335 ad
579 1267 771 1336 Geometriae
803 1263 1077 1351 complementum
1108 1265 1260 1352 proponi

229 1361 354 1448 possunt
373 1407 385 1440 ,
407 1382 443 1430 ur
466 1362 528 1428 hoc
549 1411 558 1428 .
581 1361 678 1446 Super
700 1360 774 1424 data
795 1352 884 1426 tedia
914 1353 1092 1423 r*instruere
1117 1357 1260 1443 paralle-¹

231 1451 472 1538 logrammum,
498 1447 603 1539 'eujus‘
624 1462 697 1518 area
721 1469 860 1536 aquetur
892 1461 970 1514 ar'eae
991 1445 1062 1514 dati
1081 1448 1262 1534 parallelo·

229 1542 384 1630 gramnri.
407 1543 554 1610 Solvetur
576 1541 667 1609 facile
689 1541 835 1610 ducendo
846 1539 882 1605 in
898 1541 983 1630 dato¹
993 1535 1259 1625 parallelogram-

230 1643 288 1701 mo
311 1633 567 1722 perpendiculum
587 1667 598 1709 a
621 1635 709 1720 quod
731 1632 792 1700 erit
813 1632 878 1721 ejus
909 1629 1047 1697 altitudo
1059 1665 1075 1706 ·,
1110 1649 1178 1714 tum
1201 1631 1258 1698 in-

228 1725 392 1796 veniendo
414 1739 562 1812 quartam
583 1723 852 1810 proportionalem
879 1715 1088 1804 post'restam
1120 1722 1254 1798 datam,

230 1817 328 1883 bafim
350 1814 637 1904 parallelogrammi
669 1813 736 1881 dati
758 1856 769 1884 ‚
792 1809 915 1896 &ejus
939 1809 1141 1880 altitudinem
1166 1863 1175 1880 .
1198 1816 1255 1880 ln-

228 1927 327 1976 venta
348 1908 438 1976 enim
460 1905 622 1993 quantitas
641 1903 703 1971 elit
727 1901 861 1971 altitudo
876 1899 1254 1992 parauelogrammique-

230 1997 282 2064 srti
306 2019 317 2076 3
348 2017 383 2064 ac
404 1998 537 2084 proinde
560 1997 584 2062 sr
606 1996 643 2062 in
667 1991 817 2061 distantia
849 1993 963 2079 aequali
987 1995 1060 2062 huic
1091 2015 1182 2062 novae
1204 1997 1253 2062 al.

231 2087 362 2156 titudini
386 2091 423 2153 ab
446 2085 503 2154 illa
525 2085 614 2156 tedia
636 2089 711 2153 data
733 2088 863 2156 ducatur
886 2083 976 2153 terta
996 2086 1052 2171 ipsi
1074 2085 1251 2174 parallela,

230 2180 272 2250 &v
290 2179 327 2246 in
358 2178 473 2266 quovis
496 2178 614 2272 angulo
647 2180 685 2246 ab
715 2175 864 2245 extremis
894 2175 1019 2264 ponciis
1049 2177 1141 2246 κᾶε
1171 2179 1251 2248 datae

224 2273 384 2340 ¹ducantur
407 2269 501 2358 usque
527 2273 567 2337 ad
589 2283 661 2337 eam
684 2269 766 2339 binae
788 2267 881 2346 tedia
904 2266 1057 2355 parallelae
1080 2268 1248 2347 §solvetur

226 2363 424 2450 problema,
446 2363 534 2450 quod
557 2363 633 2430 inde
655 2357 777 2428 constat
797 2361 858 2428 esse
890 2359 1189 2438 indeterminatum,
1212 2365 1250 2432 dr

224 2453 349 2522 liabere-
374 2451 517 2522 infinitas
546 2453 753 2521 solutiones·
783 2447 886 2542 Quod
917 2451 941 2516 si
970 2469 1116 2538 praterea
1143 2454 1248 2539 requi-

226 2563 349 2621 ratur,
382 2565 418 2612 ut
439 2543 567 2615 novum
594 2543 925 2630 parallelogrammum
955 2543 1067 2610 habeat
1098 2545 1245 2631 angulum

232 2635 398 2722 aequalem*
423 2636 532 2710 dato;
563 2627 636 2702 sads
664 2633 726 2700 erit
758 2632 793 2698 in
823 2647 863 2700 eo
894 2631 1012 2722 angulo
1033 2635 1145 2702 ducere
1174 2635 1247 2706 illas

223 2730 309 2794 :duas
330 2723 432 2793 redas
453 2723 643 2814 parallelas,
667 2730 704 2794 δι
724 2724 789 2812 jam
811 2720 974 2812 problema
995 2727 1240 2798 determinamm

226 2820 359 2888 evadet.
399 2834 401 2838 ’
827 2869 834 2881 .
1040 2866 1045 2876 .
1096 2815 1099 2822 ’

286 2931 357 2994 107·
381 2910 504 2980 Eodem
524 2907 620 2999 padio
643 2910 836 3001 triangulum
858 2906 996 2980 conllrui
1005 2909 1137 3000 poterit,
1158 2917 1246 3004 quod

227 3003 342 3071 habeat
364 3002 462 3071 basim
484 3004 636 3091 aequalem
658 3002 859 3088 dataredta,
885 3021 989 3070 aream
1014 3003 1165 3092 aqualem
1177 3028 1246 3094 aree

229 3094 298 3164 dati
321 3091 472 3181 trianguli
495 3140 506 3169 2
526 3101 564 3164 dr
588 3095 740 3182 angulum
763 3095 915 3184 aqualem
936 3093 1013 3164 dato
1037 3095 1174 3184 angulo,
1196 3097 1246 3164 in-

230 3184 394 3254 veniendo
416 3185 573 3255 nimirum
603 3187 684 3255 novi
716 3185 867 3272 trianguli
900 3183 1103 3255 altitudinem
1135 3190 1245 3257 eodem

229 3273 352 3365 prorsus
374 3279 492 3353 modo,
513 3279 717 3362 &ducendo
740 3275 863 3346 tedam
895 3279 975 3345 data
997 3278 1176 3366 parallelam
1208 3281 1245 3348 in

222 3366 379 3436 distantia
401 3368 514 3455 aquali
532 3369 674 3438 inventa
698 3369 876 3438 altitudini.

280 3465 353 3528 108.
375 3457 471 3551 Quin
492 3459 596 3528 immo
618 3460 708 3528 facile
723 3463 780 3528 fier
792 3461 1123 3550 parallelogrammum
1141 3479 1242 3552 equa·

229 3549 359 3620 ledato
384 3549 577 3638 triangulo,
600 3552 653 3620 vel
675 3551 870 3638 triangulum
893 3555 1012 3643 aquale
1035 3555 1114 3622 dato
1143 3557 1241 3642 paral-

227 3640 439 3727 lelogrammo
462 3663 534 3710 cum
557 3639 668 3710 iisdem
689 3643 928 3715 conditionibus
946 3644 1129 3732 „Satiserit
1144 3648 1243 3734 inpri-

230 3753 289 3802 mo
310 3731 382 3800 casu
404 3731 590 3814 dimidiare,
612 3735 651 3805 iu
673 3735 809 3806 secundo
831 3737 988 3824 duplicare
1011 3737 1175 3808 inventam
1201 3738 1242 3820 al-

593 3865 596 3870 ·
1101 3829 1201 3898 titudi-
