2624 4212
300 267 346 352 Ἠ
572 271 962 364 ELEMENTA

252 365 298 442 les
322 367 419 438 sunt:
441 365 526 458 sergo
547 365 648 438 etiarn
671 365 747 432 bans
772 369 833 435 AD
863 365 926 432 basi
957 367 1015 434 DB
1046 363 1175 452 aqualis
1205 365 1275 437 erit*

252 458 448 548 (Propo).
470 459 628 553 Quaresr
659 457 779 526 restam
810 456 1010 526 terminatam
1044 457 1096 524 AB
1118 456 1271 526 bifariam

256 552 398 622 dividere
421 572 589 638 oporteat,
612 550 700 618 vides
721 549 800 638 quid
831 545 919 622 faceo
940 567 1019 634 opus
1050 547 1112 616 fir.
1143 547 1275 636 Nempe·

254 662 366 736 oentm
389 643 474 710 farlo
496 644 533 709 in
554 643 603 719 A,
624 647 660 716 oc
683 639 872 728 Bquolibet
893 637 1089 715 intervallo,
1116 643 1275 708 dummo'

255 735 300 802 do
322 735 488 824 utrobique
509 733 595 803 idern
615 733 678 809 fit,
701 732 774 801 saria
803 733 865 801 erit
894 751 1007 799 notare
1030 750 1117 800 arcus
1139 729 1290 798 circulo·

255 819 329 892 mrir
350 825 406 893 fibi
428 847 541 896 mutuo
572 824 805 894 occurrentium
838 824 874 891 in
897 821 1023 909 punffis
1043 819 1075 892 C
1096 827 1132 893 dc
1154 823 1202 896 K,
1215 819 1218 832 '
1232 827 1275 920 ὃς

253 914 322 982 haec
342 918 459 1001 ponda
482 918 611 1004 jungere
632 913 723 984 tecla
743 915 830 994 CK,
851 935 923 1003 quae
951 919 1059 984 datam
1079 912 1201 983 lineam
1223 913 1273 981 bi-

251 1004 370 1076 fariam
389 1009 502 1080 secabit
522 1009 558 1076 in
579 1011 621 1078 D.

686 1101 798 1174 Coreli.
822 1117 851 1170 2.

5 1205 12 1216 ·
103 1197 111 1206 ‘
251 1185 348 1283 ΓἘκ
368 1197 478 1263 eadem
510 1214 596 1284 prop.
623 1219 652 1264 a.
684 1193 806 1265 constat
827 1193 945 1284 aquari
976 1192 1112 1280 angulos
1143 1193 1270 1272 CDA‚

252 1281 360 1356 coo:
383 1305 421 1350 ac
434 1306 604 1372 propterea
625 1286 689 1359 CD
712 1283 973 1376 perpendicularis
993 1285 1037 1354 est
1059 1283 1154 1352 recte
1177 1288 1240 1355 AB
1261 1335 1272 1355 .

253 1375 341 1461 Ergo
361 1374 385 1440 st
407 1399 447 1441 ex
471 1377 590 1460 puncto
620 1379 651 1447 C
680 1379 842 1448 demittere
868 1396 1012 1464 oporteat
1042 1375 1273 1464 perpendicula-

253 1487 322 1535 rem
342 1464 463 1532 lineam
485 1465 520 1530 in
541 1464 663 1532 rectam
683 1469 881 1536 indefinitam
902 1471 984 1542 FG,
1013 1467 1086 1534 satis
1118 1466 1178 1534 erit
1199 1490 1289 1536 cen-x

254 1577 307 1626 tro
329 1555 379 1634 C,
400 1561 436 1628 δε
458 1554 788 1654 quoliber'intervallo
811 1559 871 1630 CA
892 1571 1005 1624 notare
1040 1577 1147 1624 arcum
1170 1557 1272 1629 circu-

253 1647 282 1716 li
303 1649 378 1726 AB,
397 1655 434 1720 δι
454 1648 607 1724 invento,
628 1650 675 1718 uti
697 1649 786 1734 supra
814 1648 937 1716 didlum
960 1645 1031 1724 est,
1061 1644 1182 1733 punsto
1204 1651 1235 1717 K
1260 1696 1274 1726 ,

254 1740 377 1810 teclam
398 1745 510 1811 ducere
529 1735 606 1815 CK,
627 1761 699 1834 que
722 1741 763 1806 ad
791 1736 1044 1832 perpendiculum
1072 1737 1191 1806 insistet
1219 1755 1273 1810 re-

256 1829 310 1918 &e
330 1834 403 1915 dato
424 1833 461 1900 in
482 1830 603 1917 pundo
624 1833 675 1902 D.
1149 1831 1154 1842 ’

685 1931 799 2000 Coroll.
823 1949 852 2018 3.
1149 1977 1151 1981 .

272 2067 274 2074 .
300 2013 506 2108 Quodfiin
527 2020 592 2110 ipsa
612 2019 699 2092 redla
716 2026 768 2094 FG
786 2027 876 2093 detur
898 2016 1050 2107 punrtmn
1071 2021 1125 2098 D,
1146 2043 1186 2090 cx
1202 2044 1283 2110 quo·

254 2109 509 2195 perpendiculum
532 2133 677 2201 oporteat
697 2109 832 2186 excitare
857 2158 869 2192 ‚
888 2109 1018 2198 sumptis
1043 2112 1092 2177 ad
1105 2112 1271 2184 arbitrium
1292 2187 1295 2194 ,

255 2197 334 2277 AD,
357 2201 414 2272 BD
436 2200 512 2271 hinc
535 2209 572 2276 δι
594 2205 669 2276 inde
691 2207 890 2297 equalibust
920 2223 1030 2273 centro
1062 2202 1156 2270 faceo.
1172 2203 1207 2270 in
1239 2205 1270 2272 A

255 2295 339 2362 &o
359 2339 370 2370 ,
390 2295 506 2363 'eodem
528 2296 697 2368 intervallo
705 2320 856 2368 notentur
878 2317 965 2365 arcuo
983 2294 1189 2372 circulorum,
1213 2297 1273 2382 qui

255 2383 287 2451 se*
309 2381 419 2454 mutuo
440 2383 630 2457 intersecant
650 2389 688 2456 in
711 2386 768 2468 C,
789 2393 981 2472 duceturque
1003 2383 1093 2459 ΕΙ),
1114 2407 1186 2473 qua:
1208 2387 1277 2454 erit-

255 2475 507 2560 perpendiculunr
522 2509 523 2512 ¹
536 2480 700 2566 quaesltum
724 2530 733 2548 .
755 2481 845 2550 Nam
870 2478 906 2544 in
938 2474 1104 2562 triangulis
1129 2474 1270 2554 CDB,

253 2564 349 2635 ΕΒΑ
368 2566 469 2636 latera
490 2567 600 2637 omnia
623 2572 758 2658 aequalia
771 2589 890 2648 erunt,
913 2587 949 2636 ac
971 2585 1134 2653 propterea
1155 2569 1269 2658 anguli

253 2654 362 2750 COR,
384 2657 478 2730 CDA
500 2659 635 2750 equales
655 2663 728 2749 (per
737 2665 786 2731 Pr.
795 2689 827 2752 4.
829 2661 852 2744 )

688 2755 800 2824 Coroll.
817 2781 863 2844 4.-
1142 2822 1145 2828 .

301 2843 348 2911 Ex
369 2842 479 2914 iisdem
496 2845 819 2917 demonstrationibus'
845 2867 952 2936 patet,
974 2841 1060 2932 quiid
1083 2847 1118 2913 in
1141 2847 1262 2918 circulo

255 2933 360 3004 EABL
381 2935 468 3004 retra
489 2937 552 3007 CD
574 2961 626 3026 per
648 2959 791 3008 centrum
813 2941 982 3010 transiens,
1004 2935 1027 3001 sl
1050 2937 1200 3008 bifariam
1222 2941 1269 3009 se-

253 3025 305 3094 cat
323 3027 476 3096 chordam
498 3029 571 3106 AB,
591 3032 672 3099 secat
691 3032 789 3099 etiam
814 3035 853 3100 ad
877 3027 1011 3120 angulos
1031 3030 1163 3102 tediosa
1186 3037 1222 3105 δε
1245 3030 1269 3100 A

147 3159 161 3184 κ
255 3115 338 3187 secat
358 3119 398 3184 ad
422 3119 555 3207 angulos
575 3121 681 3191 rectos
702 3122 850 3192 bifariam·
871 3125 969 3192 secat.

638 3235 640 3240 ’
679 3210 783 3282 Schol.
807 3241 837 3284 z.

301 3301 349 3370 Ex
370 3305 673 3391 perpendicularium
694 3305 870 3385 doctrina,
893 3329 929 3376 ac
950 3303 1109 3396 praecipue
1123 3331 1163 3376 ex
1180 3327 1267 3396 prop.

258 3415 289 3481 3.
310 3393 393 3462 ratio
413 3400 526 3482 pendet
546 3397 631 3468 ictus
652 3397 761 3486 reflexi
789 3393 825 3467 in
854 3399 933 3468 ludo
964 3397 1176 3480 rrndiculati,
1205 3399 1269 3470 five

257 3483 354 3556 unica
374 3487 547 3558 reflexione
569 3513 648 3578 opus
669 3489 725 3566 fit,
746 3488 807 3558 stvc
829 3491 963 3578 duplici.

277 3621 284 3647 ι
323 3575 513 3648 Praemittere
553 3600 662 3650 tamen
702 3599 827 3667 oportet
866 3601 1030 3672 tamquam
1074 3586 1269 3670 experientia

255 3686 390 3743 notum,
408 3669 698 3759 globum-perfecte
722 3671 880 3742 elasticum
903 3675 932 3742 A
954 3674 966 3760 (
988 3673 1055 3762 Fig.
1073 3676 1148 3756 26.)
1170 3679 1293 3765 cujus-.

253 3757 344 3850 modi
374 3754 442 3850 ferd
470 3761 543 3853 sunt
571 3762 732 3858 eburnei,
761 3761 892 3876 obliqpi⁴
924 3785 1143 3876 occurrentem
1172 3770 1274 3854 plano
1302 3861 1304 3870 Ι

319 3885 358 3912 ¹³·
1107 3879 1225 3932 umm-
