2544 4218
256 254 323 342 ’131
416 233 1002 338 'Atreu-otte.

195 345 377 416 divisorem
403 363 419 428 3
445 336 698 406 denominatotis
718 331 840 420 primi,
861 335 897 402 dt
919 328 1048 398 secundi
1069 321 1187 397 folum·
1202 323 1239 398 itt

214 438 307 506 tertia
330 432 504 506 studione.

257 549 331 615 144„
354 525 444 594 Hinc
465 537 548 610 patet
567 543 625 610 pto
655 521 841 588 eductione
872 513 1071 583 fredsonum
1100 515 1240 582 necessu

211 619 294 687 riam
315 615 374 685 effe
396 617 581 682 methodum
611 613 797 689 inveniendi
820 609 994 676 maximum
1027 623 1240 674 communem

196 711 377 780 divisorem
399 705 548 774 binorum
569 721 793 773 nummorum.
815 703 862 770 Ea
883 718 988 766 autem
1008 693 1052 762 est
1074 695 1240 780 huiusmo·

196 802 261 876 di.
281 800 451 870 Dividetut
473 798 574 883 major
596 815 649 882 per
670 796 852 870 minorem,
874 797 911 860 bt
932 787 1238 856 notetuttesiduumt

205 913 276 961 tum
298 889 416 958 divisor
436 909 489 976 pet
512 890 573 956 huc
594 887 767 964 tefiduum,
789 893 826 956 &
847 899 975 950 notetur
995 878 1155 944 residuum
1175 899 1239 946 no-

205 1005 304 1060 vum,
326 1003 419 1070 atque
442 981 489 1048 ita
511 997 626 1066 porto,
648 981 751 1044 donec
772 975 957 1046 deveniant
972 972 1016 1036 ed
1034 969 1239 1073 aliquamdi-

205 1075 382 1149 vistonem,
403 1094 473 1160 quae
496 1067 637 1140 accutdtd
661 1071 715 1136 fiat
735 1069 801 1138 fine
824 1067 892 1137 ullo
914 1063 1062 1131 tefiduo.
1086 1059 1238 1128 Ulumus

205 1162 325 1236 divisor
347 1165 428 1240 ille,
450 1184 619 1250 perquem
642 1161 754 1229 divisio
776 1177 921 1228 accurata
940 1151 1077 1222 succtffit
1099 1150 1146 1229 est
1168 1173 1237 1219 ma-

204 1257 312 1330 ximus
334 1255 518 1324 communis
540 1253 678 1323 divisor.
969 1291 973 1297 ,

150 1415 153 1424 ,
255 1368 329 1435 145.
352 1347 425 1416 Sint
444 1347 571 1416 numeri
598 1352 700 1424 1896,
728 1366 808 1423 120,
830 1355 968 1432 quotum
990 1352 1150 1428 quaetatut
1166 1353 1235 1402 ma·

202 1439 310 1508 ximus
333 1439 513 1507 communis
533 1438 668 1505 divisor.
692 1437 807 1506 Diviso
834 1444 918 1514 1896
942 1453 995 1521 pet
1016 1454 1096 1505 120,-
1118 1447 1234 1515 quottu

202 1529 247 1596 est
274 1549 342 1615 15,
364 1527 518 1596 tefiduum
542 1539 596 1605 96.
620 1527 731 1596 Diviso
759 1549 821 1597 120
842 1547 895 1615 pet
916 1535 988 1605 96,
1009 1543 1126 1610 quotus
1146 1517 1189 1588 est
1215 1537 1232 1587 1

202 1619 362 1690 tefiduum
386 1636 440 1706 24.
463 1617 575 1686 Diviso
598 1625 642 1698 96
665 1637 718 1704 pet
743 1643 804 1705 24⁶
826 1631 944 1707 quotus
964 1614 1009 1682 est
1031 1631 1054 1694 4
1073 1611 1141 1676 fine
1161 1601 1235 1713 sesib

202 1713 288 1780 duo.
310 1711 408 1800 Igitur
431 1733 475 1796 24
497 1708 540 1776 est
561 1710 742 1777 communis
764 1713 921 1778 maximus
939 1699 1143 1805 &visu-‘Et
1163 1722 1234 1787 qut·

198 1801 276 1870 dem
296 1801 401 1869 diviso
435 1808 519 1878 1396
540 1815 593 1888 per
616 1825 685 1882 24,
715 1796 844 1861 habetur
871 1809 937 1871 19,
969 1811 1006 1858 ac
1026 1791 1129 1860 dtvtso
1164 1807 1228 1859 120

200 1913 256 1976 pet
277 1917 322 1980 24
341 1895 474 1960 babetur
498 1911 536 1974 ς.

252 1994 326 2072 146.
358 1981 599 2050 Demonstratio
629 1973 779 2048 innititur
809 1969 891 2046 hisce
925 1973 1127 2044 theorematis
1155 1973 1229 2042 satis

201 2082 255 2161 'pet
275 2075 305 2142 se
326 2071 557 2160 notis.·Q10d
574 2069 730 2139 mensurat
751 2070 888 2156 aliquem
898 2086 1065 2136 numerum
1085 2067 1227 2152 (sumen-

199 2165 245 2231 do
266 2157 445 2231 mensuram
466 2181 523 2248 pto
542 2182 630 2248 parte
654 2162 816 2248 aliquota)
838 2160 1014 2234 mensurat,
1037 2163 1073 2226 dt
1090 2159 1229 2244 quodvis

200 2255 267 2339 ejus
288 2252 488 2339 multiplum,
510 2251 664 2320 nimitum
687 2249 787 2339 ipsum
810 2265 1014 2342 quotcunque
1033 2249 1157 2316 vicibus
1178 2267 1226 2317 te-

200 2345 351 2432 petitum‚
374 2351 409 2413 61
433 2346 521 2431 quod
543 2345 702 2412 mensurat
725 2345 821 2412 binos
835 2361 1002 2419 nuneros,
1023 2340 1224 2414 mensurat&

202 2457 314 2506 eorum
337 2437 493 2504 summam
518 2455 554 2502 ac
575 2435 809 2503 differentiam.

252 2545 324 2615 147.
346 2527 447 2596 Porto
469 2527 492 2592 fi
513 2526 585 2613 quis
606 2541 755 2595 numerus
777 2519 935 2594 mensurat
962 2529 1064 2606 1896,
1086 2532 1123 2596 &
1144 2543 1227 2603 120,

192 2618 394 2696 ¹mensurabit
414 2623 450 2685 61
478 2638 539 2683 120
561 2617 691 2686 dudum
713 2617 749 2686 in
759 2616 895 2704 primum
909 2639 1046 2705 quotum
1059 2637 1118 2704 15,
1139 2639 1226 2687 cum·

176 2731 262 2796 ¹que
282 2709 318 2776 id
339 2706 527 2795 productum
548 2727 620 2774 cum
642 2706 745 2794 ptimo
768 2711 889 2778 residuo
912 2719 955 2788 96
978 2715 1226 2794 aequetur1896,

195 2800 256 2870 ille
277 2820 427 2870 numerus
449 2798 641 2867 mensurabit
660 2801 809 2868 etiamid
830 2803 984 2870 residuum
993 2801 1055 2868 five
1077 2801 1225 2869 differen-

199 2890 296 2961 tiam.
318 2892 439 2960 Eodem
463 2911 649 2978 argumento
670 2913 742 2960 cum
760 2893 915 2960 mensuret
936 2916 1015 2966 120,
1039 2889 1075 2952 δᾶ
1094 2901 1158 2971 96,
1174 2893 1225 2960 dia

201 2982 322 3060 visum,
345 2989 380 3054 &
402 2980 577 3051 divisorem
594 3003 686 3053 oovae
707 2982 894 3059 divisionis,
912 2982 1104 3050 mensurabit
1122 2982 1225 3053 etiam

200 3091 324 3142 novum
344 3069 518 3148 residuum,
539 3078 576 3142 &
597 3073 643 3142 ita
663 3095 760 3159 porro
781 3075 873 3162 usque
892 3077 931 3140 ad
946 3074 1098 3142 tefiduum
1115 3077 1226 3159 penul-

200 3165 287 3232 timae
308 3165 492 3242 divisionis,
514 3166 602 3252 quod
624 3185 695 3233 cum
719 3167 863 3234 metiatur
879 3165 909 3232 se
926 3171 962 3234 &
979 3164 1228 3251 postremuudi-

197 3256 337 3332 visorem
363 3258 454 3324 debet
482 3257 646 3324 continete
677 3256 845 3326 divisorem
875 3279 1080 3324 communem
1111 3279 1223 3345 quem·

197 3351 333 3435 tumque
354 3347 581 3435 propofitorum
601 3363 826 3416 numerorum.
849 3349 973 3431 Totum
995 3363 1098 3415 autem
1122 3343 1223 3434 ipsum

198 3439 258 3506 effe
281 3437 449 3508 divisorem
477 3459 678 3505 communem
700 3441 855 3507 constabit
875 3439 1143 3508 demonstratione
1173 3462 1222 3508 re-

196 3531 361 3614 trograda.
383 3534 467 3606 Cum
488 3529 577 3598 enim
600 3531 757 3598 mensuret
777 3532 828 3608 se,
849 3533 1037 3600 mensurabit
1057 3530 1153 3598 etium
1170 3532 1221 3599 di-

199 3619 300 3688 visum
322 3621 481 3710 postremae
502 3621 665 3689 divifionis
685 3622 844 3692 nimitum
865 3625 893 3691 se
916 3620 1155 3708 multiplicatum
1166 3643 1218 3708 per

197 3709 388 3803 postremum
407 3731 567 3806 quomu..
579 3709 681 3784 Porto
700 3713 761 3803 ipse
782 3735 849 3786 etat
869 3715 1025 3802 residuum
1041 3713 1217 3872 91Ἓᾲος

876 3849 879 3856 ·
1124 3828 1170 3875 vt-
