2544 4218
242 226 800 302 h'PP·END1x:
932 227 1000 320 225*

70 343 116 394 tm
147 324 298 414 aqualem
329 323 471 414 majorit
501 322 583 391 latus
600 322 694 390 enim
723 321 859 392 alterum-
878 322 1046 408 problema·

1 418 135 502 psolvcr.
370 451 372 458 ¹
466 418 475 445 Ι
769 429 771 434 ’

37 539 42 550 ·
68 532 122 598 53.
144 509 229 579 Tum
251 511 313 578 hoc
335 514 497 576 theorema
517 509 689 584 inferatur’³
710 509 916 595 quod'rursus
931 509 1052 577 saecum·

9 601 179 671 diffirnum
201 603 279 671 erit.
303 595 479 670 Reo‘iarmh
503 599 671 676 omnium,
693 623 763 686 quae
788 623 806 666 a
828 603 902 669 dato
924 600 1052 690 puncto.

1 694 94 770 duci
112 695 237 781 ponunt
262 695 304 760 ad
317 694 425 758 datam
440 689 560 759 restam
585 691 786 760 indefinitam
805 693 984 762 breviffima
1000 691 1046 761 est

42 785 300 872 rpendiculari's,
314 783 455 870 telique
472 805 516 852 ‘eo
537 782 699 869 majorem
720 805 786 870 quo
810 783 913 872 magis
936 809 954 850 a
982 805 1051 872 per-

1 875 215 962 pendiculari
238 875 353 942 distant
368 881 438 951 ,·'.&
460 873 629 962 qna'hinc
659 873 733 942 inde
756 897 844 964 aeque
874 873 991 942 distant
1013 901 1056 948 κ-

1 969 159 1053 ,qualest
182 988 242 1034 nec
263 966 322 1039 nist
346 967 428 1034 bina
449 966 620 1034 hincinde
650 967 784 1053 aquales
806 965 879 1034 duci
901 964 1052 1052 possunt.

9 1053 66 1126 Ea
91 1061 207 1126 omnia
227 1083 266 1126 cx
290 1059 354 1146 ipsa
375 1060 585 1147 propositione
608 1059 715 1146 sponte
738 1063 859 1134 fluunt,
882 1057 1057 1128 srconstde.

1 1167 128 1225 retur,
148 1152 294 1238 quamvis
317 1152 436 1218 redeam
457 1151 517 1216 effe
541 1150 639 1216 bastm
672 1149 824 1236 trianguli
845 1146 1053 1234 r'eclangul'i,

1 1284 3 1292 ι
38 1282 47 1297 .·
55 1241 112 1326 jus
137 1243 268 1312 alterum
290 1240 371 1308 latur
394 1240 542 1321 constans
562 1239 605 1306 est
627 1239 889 1325 perpendicularis
911 1239 985 1316 illa,
1010 1239 1057 1308 nl-

1 1332 2 1337 ’
30 1350 127 1400 tum
148 1332 297 1400 distantia
307 1333 345 1398 ab
361 1333 474 1399 eadem
485 1331 633 1416 assumpta
648 1331 685 1396 in
694 1331 762 1416 ipsa
776 1329 863 1398 reeta
871 1331 1057 1403 indefinita.

1 1503 2 1514 ἵ
40 1459 47 1470 -
71 1441 128 1506 54.
150 1427 227 1491 Inde
250 1425 315 1490 hac
335 1423 530 1490 theoremata
552 1422 802 1510 consequuntur.
826 1421 1059 1516 Qtaeviaredla
1133 1451 1135 1462 ·

1 1577 2 1580 ,
24 1511 190 1605 ndeh'n'itd
210 1515 365 1600 produlia
385 1515 436 1582 vel
459 1515 611 1583 circulum
634 1515 714 1582 secat
730 1516 767 1582 in
789 1518 911 1584 duobus
918 1515 1055 1602 pundlis,

1 1601 72 1682 atel
95 1605 254 1690 contingit
273 1607 314 1682 ¹in
337 1606 454 1681 unico,
475 1606 525 1676 vcl
547 1605 595 1672 ihi
617 1607 774 1694 nusquam
795 1608 931 1674 occurrit
941 1633 952 1676 t.
972 1609 1056 1694 &jn

10 1694 127 1782 ptimo
150 1696 221 1762 casu
243 1699 361 1762 omnia‘
373 1697 493 1782 punsla
515 1697 667 1786 segmenti
690 1699 774 1766 binis
795 1695 988 1766 sectionibus
1004 1701 1063 1764 in-'

6 1785 165 1870 tercepri,
181 1787 251 1853 ·ssvc
276 1788 418 1864 chorda,
441 1789 545 1873 jacent
561 1791 651 1858 ‘intra
673 1787 843 1866 circulum,
867 1789 985 1876 puncta
1007 1809 1057 1857 re-

1 1875 114 1964 *liqna
137 1879 249 1942 omnia
271 1877 408 1962 ejusdem
432 1879 523 1944 tene
547 1881 651 1965 jacent
672 1900 779 1949 extra:
802 1881 837 1948 in
859 1883 995 1950 secundo
1004 1903 1057 1950 ca·

18 1969 55 2036 su
79 1987 190 2054 prater
211 1967 347 2034 unicum
366 1965 519 2052 pundlum
542 1968 707 2038 contadlus
731 1974 853 2062 reliqua
869 1973 989 2042 ‘omnia
1009 1975 1059 2062 ja-

20 2079 97 2128 cent
119 2056 402 2126 extravcirculum.
426 2057 461 2124 Si
484 2057 573 2124 enim
596 2059 683 2126 redla
700 2065 808 2128 transit
822 2085 874 2146 per
891 2087 1056 2146 centrum5

16 2151 58 2219 in
83 2170 124 2216 ea
145 2165 215 2236 pars
237 2149 336 2235 prima
357 2147 400 2214 est
423 2148 614 2230 manifesta:
637 2149 660 2214 st
682 2147 799 2234 perid
828 2172 897 2217 non
921 2158 1056 2234 tranhr3

21 2240 159 2310 dttniffo
181 2241 215 2306 in
238 2259 309 2307 eam
332 2240 550 2326 perpendiculo
572 2266 590 2308 e
611 2259 740 2334 ¹ccurr0,
764 2241 786 2306 h
805 2241 839 2307 id
855 2237 1060 2330 perpendicn-

23 2333 95 2401 lum
119 2332 212 2399 fuerit
234 2332 344 2398 minus
365 2331 457 2398 radio
466 2332 597 2406 circuli,
619 2335 708 2400 cadet
730 2331 816 2400 intra
831 2333 998 2412 circulum,
1021 2343 1059 2411 dt

25 2425 202 2493 recedendo
227 2425 265 2489 ab
286 2423 352 2510 ipso
373 2423 573 2500 hincinde,
595 2424 742 2491 distantia
766 2448 786 2491 a
806 2427 916 2493 centro
940 2429 1070 2514 semper*

27 2515 132 2602 magis
153 2514 282 2592 crescet,
306 2517 409 2582 donec
430 2516 617 2584 deveniamr
640 2521 679 2583 ad
703 2515 883 2587 distantia-m
906 2519 1059 2610 aequalem

27 2605 141 2680 radio,
164 2627 235 2693 quat
256 2607 369 2674 deinde
390 2607 507 2691 semper
532 2610 632 2696 major
653 2611 790 2680 evadet.
820 2609 856 2678 Si
878 2611 912 2677 id
932 2631 1061 2700 perpen-

29 2699 172 2766 diculum
194 2697 253 2764 erit
276 2695 394 2782 aequale
416 2699 527 2772 radio,
547 2697 725 2768 extremum
745 2704 811 2787 ejus
832 2704 986 2786 punctum
1009 2727 1060 2774 ca-

30 2792 85 2857 det
105 2787 142 2854 in
164 2787 388 2874 peripheriam‚
412 2807 479 2852 tum
499 2787 576 2854 hinc
598 2789 674 2854 inde
696 2789 852 2856 distantia
874 2815 986 2860 omnes
1008 2815 1059 2864 ra-

30 2883 88 2948 dio
111 2881 246 2966 majores
266 2897 376 2947 erunt.
398 2877 433 2944 Si
457 2877 710 2964 perpendiculum
729 2879 825 2948 fuerit
846 2885 946 2970 majus
960 2887 1062 2966 radios

31 2973 135 3040 multo
157 2971 292 3057 majores
313 2989 405 3038 erunt
426 2967 555 3056 reliqua
578 2991 690 3038 omncs
707 2971 879 3043 distantiae.

81 3083 134 3150 55.
158 3061 346 3152 Qtaedam,
377 3083 448 3148 quae
472 3065 510 3126 ad
541 3083 722 3150 tangentem
745 3064 854 3132 circuli
875 3067 1034 3152 pertinent
1050 3078 1064 3148 ,'

34 3154 318 3224 demonstravimus
341 3152 404 3218 alia
427 3153 577 3220 methodo
601 3155 636 3220 in
660 3153 839 3222 corollariis
862 3178 948 3246 prop.
971 3169 1002 3230 8.
1018 3167 1062 3232 At

35 3247 87 3316 vel
108 3247 178 3321 hic,
200 3241 317 3316 vclibi
338 3244 435 3328 potest
457 3245 568 3311 deduci
585 3246 960 3317 hocrheoremamaximi
975 3256 1062 3323 usus.

36 3341 73 3407 Si
93 3357 146 3426 per
165 3337 326 3426 quoddam
348 3335 700 3422 peripheriae‘pundlutn
724 3341 883 3408 nauseant
904 3341 987 3410 binae
1017 3367 1065 3414 re-

39 3430 119 3506 ἀπ,
140 3435 176 3498 &
197 3449 237 3496 tx
259 3425 341 3493 hisce
363 3427 491 3504 tribus,
519 3449 553 3496 t.·
568 3431 656 3516 quod
680 3429 775 3498 ultera
798 3431 834 3498 stt
863 3433 971 3500 circuli
994 3457 1063 3506 tan-

38 3543 133 3608 gent,
157 3543 186 3586 2.
209 3519 295 3604 quod
318 3516 415 3583 altera
444 3519 481 3586 stt
503 3519 612 3588 circuli
634 3520 811 3598 diameter,
847 3545 874 3607 3.
896 3515 984 3612 quod
1008 3553 1065 3598 an.

40 3611 149 3698 gulum
169 3611 289 3676 testum
312 3606 521 3688 constintant,
544 3612 718 3682 habeantur
737 3617 802 3681 duo
824 3614 942 3694 sunus,
972 3620 1066 3690 habe-
1159 3667 1168 3674 -

43 3702 349 3778 dimittemur.

501 3759 510 3876 ,⁵
608 3799 633 3877 Ρ,
789 3775 792 3780 μ
866 3809 918 3890 56.
932 3802 1021 3878 Tum
