2624 4212
318 300 361 366 ⁶8
580 283 654 360 Et
676 289 701 360 Ε
722 287 763 358 M
784 273 811 358 i
833 287 870 359 Ν
889 289 974 360 'rn
1043 295 1048 308 ·

267 403 338 456 uun
363 385 454 455 aliter
473 401 571 471 quam
592 383 617 452 st
637 381 783 452 vacantia
804 383 970 469 superioris
991 385 1119 458 numeri
1140 381 1217 454 lot'a
1235 388 1290 478 cycl

269 480 362 567 phtas
383 475 602 544 continerent.
634 545 637 550 ,
1098 561 1109 569 ⁵

316 591 372 659 47:
394 569 437 636 At
458 567 481 634 sr
504 567 697 654 quantitates
730 567 760 636 se
782 589 894 640 mutuo
922 566 1082 639 destruant
1114 589 1290 658 antequam

271 663 313 730 ad
334 658 488 748 puncium
510 660 691 746 pervenias,
712 681 783 748 quae
805 675 920 732 vacant
948 660 1186 734 indifferentia
1215 657 1291 732 loca

270 754 310 822 ad
331 751 484 840 punstum
506 751 602 840 usque
632 751 753 842 cyphris
784 754 950 842 supplenda
982 751 1073 831 sunt,
1094 757 1156 822 slve
1187 753 1288 822 etiam

270 843 384 932 'ntegri
407 843 536 912 numeri
561 843 699 927 omuino
722 843 752 911 se
783 845 942 914 destruant
968 889 980 922 ‚
1010 865 1046 914 ut
1075 847 1110 914 in
1127 844 1185 912 Ex.
1205 850 1291 924 28⁰,

267 867 332 1004 ive
357 935 497 1024 aliquam
519 935 705 1022 relinquant
725 933 963 1013 differentiam,
993 956 1029 1006 ut
1049 937 1087 1006 iu
1106 938 1163 1006 Ex.
1184 952 1268 1015 ιγ’.

313 1029 432 1114 48.1n
456 1025 744 1114 multiplicatione,
776 1027 798 1093 fi
822 1049 892 1094 non
916 1047 964 1094 tot
986 1027 1105 1102 fuerint
1132 1029 1169 1096 iu
1200 1025 1288 1096 sasso

264 1140 370 1196 notae,
393 1140 474 1207 quot
495 1115 532 1184 in
554 1139 688 1207 utroque
711 1117 908 1188 coefficiente
931 1119 1128 1197 decimales,
1161 1139 1211 1188 tot
1234 1119 1281 1188 iili

257 1211 337 1280 sunt
358 1211 479 1300 cyphrae
502 1209 643 1280 anterius
666 1211 876 1298 apponendae,
899 1211 1002 1278 donec
1024 1208 1109 1278 hunc
1130 1228 1284 1282 notarum

264 1322 436 1372 uuuretum
460 1306 642 1391 adaequent.
665 1305 714 1370 Ita
736 1300 859 1371 facium
881 1302 924 1370 est
946 1300 984 1368 in
1006 1299 1065 1369 Ex:
1087 1323 1138 1390 30.

311 1413 368 1478 49.
390 1395 533 1462 Densum
563 1394 601 1460 in
631 1393 785 1462 divisrone
807 1393 1026 1469 instituenda,
1049 1391 1072 1460 st
1096 1392 1287 1464 dividendus

264 1505 335 1550 uon
353 1503 407 1562 ¹tot
429 1483 524 1552 habet
544 1502 639 1572 notas
661 1501 744 1569 quot
765 1484 970 1572 requiruntur
993 1503 1027 1552 ut
1050 1484 1224 1554 divisorem
1244 1487 1285 1556 su·

263 1593 350 1662 peret
370 1573 421 1642 vel
444 1570 604 1660 adaequet(
626 1593 674 1641 tot
697 1572 734 1640 in
756 1575 819 1642 fine
842 1574 962 1663 cyphtae
980 1573 1184 1661 adjiciantur,
1207 1597 1286 1668 quot

268 1687 346 1752 opus
370 1666 464 1738 fuerit
485 1666 525 1732 ad
547 1664 631 1731 hunc
654 1663 814 1734 desectum
835 1664 1062 1752 supplendum.
1085 1665 1192 1758 Quod
1208 1665 1284 1736 fidi·

266 1759 389 1831 visrone
407 1751 551 1846 perusia,
574 1755 676 1844 plures
699 1755 818 1822 sintin
840 1755 943 1823 diviso
965 1775 1100 1824 numero
1118 1757 1284 1828 decimales

260 1868 349 1915 notae
372 1873 469 1936 quam
492 1851 528 1914 in
550 1847 687 1914 divisore
710 1844 829 1922 simul,
852 1852 889 1916 de
913 1866 1013 1934 quoto
1042 1891 1053 1923 ,
1084 1847 1158 1916 huic
1188 1869 1279 1920 erunt

264 1942 457 2023 apponenda:
480 1939 623 2008 anterius
643 1958 691 2008 tot
712 1938 832 2027 cyphrae
853 1958 934 2025 quot
954 1937 992 2007 iu
1015 1937 1119 2008 diviso
1141 1942 1282 2009 notaesu-

264 2031 437 2114 perfluunt.
462 2032 646 2119 Utcunque
669 2029 833 2117 contingit
844 2028 881 2096 in
905 2029 994 2112 Eue
1016 2043 1051 2098 ιΟ
1074 2029 1283 2100 .Nams1di-

262 2119 350 2188 visor
369 2120 507 2210 est356.
532 2144 593 2206 27,
616 2121 849 2193 &dividendus
873 2119 910 2190 lit
933 2143 970 2188 ι.
997 2137 1083 2206 314,
1102 2121 1285 2192 huic-erunt

260 2213 330 2280 duae
351 2213 477 2300 cyphrm
495 2217 706 2300 apponendae,
728 2233 763 2281 ut
784 2210 898 2280 divino
921 2209 1014 2296 possit
1034 2211 1157 2284 institui
1173 2257 1188 2288 2
1206 2235 1279 2300 quae.

260 2300 472 2378 eundemne
492 2325 547 2392 per
569 2304 726 2391 duplicem
748 2301 867 2390 cyphrae
885 2299 1098 2388 adjectionem
1119 2303 1283 2372 continue-

261 2415 328 2469 tut,
351 2395 532 2466 numerabit
544 2395 734 2464 dividendus
755 2393 870 2477 septem
893 2389 1067 2464 decimales.
1085 2409 1283 2470 uotas‚cun1

259 2485 335 2553 due·
353 2504 478 2554 tantum
500 2484 561 2555 stnt
581 2484 617 2553 in
638 2481 801 2552 divisore.
823 2481 982 2572 Quinque
1004 2481 1106 2568 igitur
1126 2485 1281 2573 ejusmodi

145 2575 154 2596 ²
259 2594 346 2646 uotae
367 2576 426 2642 cue
449 2576 658 2646 debebuutin
678 2595 811 2661 quoto,
841 2579 878 2644 δι
899 2595 935 2645 ut
957 2573 1095 2648 totidem
1125 2577 1189 2652 sint
1208 2579 1282 2650 dua

259 2663 311 2734 illi
334 2665 455 2754 cyprus
476 2685 570 2780 eruut
592 2665 732 2740 anterius
754 2669 965 2756 apponendus.

719 2863 746 2939 ς
768 2858 812 2927 Χ.

588 3039 755 3112 zmilis
776 3040 954 3112 Radicum.
976 3093 978 3100 -

253 3241 312 3313 50.
339 3221 603 3381 VEniend'urn
623 3232 668 3303 est
687 3230 752 3318 jam
775 3231 816 3296 ad
836 3229 1069 3302 extructionem
1103 3229 1281 3312 radicumi

441 3338 506 3404 qua
525 3318 562 3388 in
585 3342 623 3390 re
640 3323 720 3392 illud
744 3323 779 3388 in
810 3321 920 3405 primis
949 3321 993 3390 cst
1024 3321 1280 3392 animadverten-

254 3408 333 3510 dum
354 3409 442 3492 quod
464 3407 486 3478 si
509 3433 661 3489 uumerus
683 3418 718 3482 in
742 3414 772 3480 se
794 3410 893 3496 ipsum
914 3415 1067 3493 ducitur,
1092 3415 1280 3506 produdsum

253 3501 370 3566 drettur
391 3504 582 3588 quadratum
605 3553 618 3582 ,
638 3507 700 3578 five
722 3505 863 3592 potentia
885 3526 939 3574 aut
976 3506 1118 3593 dignitas
1148 3507 1282 3575 secunda

252 3588 391 3673 ejusdem
411 3596 555 3672 numeri,
577 3617 649 3666 cum
670 3615 821 3678 numerus
840 3593 902 3681 ipse
926 3598 1075 3683 potentia
1106 3597 1209 3685 prima
1235 3597 1295 3664 diq'

251 3693 344 3748 catur
367 3729 377 3746 .
399 3681 435 3748 Si
457 3689 647 3770 quadratum
678 3689 795 3760 iterum
819 3687 943 3756 ducitur
977 3676 1015 3756 in
1045 3689 1138 3762 suurn
1168 3710 1282 3758 nume·

251 3786 341 3852 tuus,
364 3769 488 3848 sussum
507 3779 623 3852 dicitur
643 3783 757 3862 cubus,
779 3778 841 3853 five
863 3777 1012 3866 potentia
1035 3779 1146 3852 tertia.
1169 3775 1295 3940 {rcus
