2632 4214
310 287 379 360 228
500 272 1059 356 APPEUNDIX.

313 394 367 469 64
390 379 437 450 Et
458 377 523 463 ipso
544 373 657 446 Corol
682 397 712 440 2.
733 371 843 458 sponte
864 375 967 441 fluunt
987 373 1154 468 sequentia
1169 374 1296 450 theom

263 495 370 542 mata·
394 467 570 538 Reddam
589 463 763 539 omnium,
794 487 864 552 quae
892 463 1075 550 expumsto
1097 469 1174 534 dato
1205 491 1294 540 extre

264 560 538 640 centrum-circuli
561 554 817 626 terminanturad
842 555 1081 641 omniapuncta
1103 558 1296 645 peripheria·

264 654 408 722 maxima
429 653 572 723 antea,
602 647 737 744 quae‘ad
758 665 901 716 centrum
922 649 1048 728 dueta,
1080 669 1116 715 ac
1138 652 1292 736 producta

262 744 442 834 periphetiae
462 738 680 808 connitum
695 737 961 823 ipsumcentrum,
984 738 1114 827 reliquae
1122 765 1164 808 eo
1183 743 1293 814 mitto-

262 853 330 913 res,
353 859 419 925 quo
433 831 725 919 petmaioresarcus
747 829 863 899 distant
887 831 925 896 ab
948 854 989 898 eo
1008 832 1137 900 occursu
1153 835 1288 920 panna,

255 931 306 1000 nd
330 949 399 1015 que
420 921 654 999 terminantur,
685 941 721 988 ac
753 919 836 988 binae
868 925 1093 990 tantummodo
1120 946 1192 1021 pue
1214 927 1289 994 hinc

262 1019 341 1087 inde
358 1030 410 1101 per
432 1013 567 1101 aeqnalea
578 1024 677 1080 'arcus
698 1010 818 1079 distant
834 1015 873 1080 ub
895 1013 1025 1082 occursu
1039 1017 1170 1092 eodem,
1187 1038 1290 1103 aequa·

262 1111 308 1178 les
327 1109 409 1174 inter
429 1105 459 1173 le
480 1106 572 1174 sunt:
594 1103 734 1172 minima
764 1122 841 1172 veto
863 1103 923 1172 erit
943 1103 1060 1182 nulla,
1090 1107 1114 1172 fi
1135 1109 1288 1192 pundlum

262 1205 347 1270 de'tur
369 1198 405 1264 in
426 1194 705 1284 ipsaperipheria,
727 1214 763 1260 ac
785 1193 808 1260 st
830 1197 920 1262 denar
941 1217 1049 1274 entra,
1070 1197 1130 1264 erit
1146 1221 1203 1274 ea,
1225 1217 1287 1288 quc

265 1289 446 1358 terminatur
477 1291 515 1358 ad
547 1285 698 1373 punllum
728 1283 826 1370 priori
857 1286 1056 1358 ediametro
1088 1289 1286 1375 oppofitutn'.

259 1381 340 1448 Satis
361 1383 425 1448 erit
448 1383 486 1446 ad
510 1380 575 1446 hac
599 1377 710 1445 omnia
731 1377 976 1446 demonstranda
997 1382 1109 1448 ducere
1130 1381 1286 1450 radiume

258 1481 369 1540 centro
394 1475 432 1538 ad
455 1471 489 1536 id
512 1468 663 1557 pundlum
685 1468 892 1554 peripheria,
923 1474 962 1536 ad
984 1473 1073 1557 quod
1104 1473 1287 1541 terminatur

243 1563 345 1630 nella
366 1564 450 1649 ipsa,
471 1568 506 1632 dc
530 1562 724 1630 confiderare
748 1559 1081 1637 variationesomnes,
1096 1585 1192 1647 uuas
1214 1564 1288 1632 subit

259 1655 394 1743 angulus
415 1671 583 1726 contentus
597 1653 639 1722 in
661 1671 771 1722 centro
794 1653 916 1720 abhoc
945 1653 1062 1724 radio,
1093 1657 1174 1719 &a
1200 1655 1288 1724 tedia

258 1747 407 1836 jungente
430 1765 575 1819 cenrtum
602 1765 677 1812 cum
709 1741 838 1827 puncto
851 1746 953 1815 dato,
982 1741 1068 1825 cujus
1084 1742 1168 1808 *bina
1188 1744 1288 1814 latera

257 1838 375 1924 semper
396 1841 507 1908 cadem
527 1834 739 1910 eruntsbafis
762 1853 837 1906 vero
860 1829 947 1899 resta
970 1827 1026 1898 illa
1048 1856 1067 1898 a
1091 1832 1215 1918 punclo
1229 1841 1288 1906 da.

255 1949 293 1996 ro
317 1933 355 1996 ad
378 1928 532 2016 punctum
554 1925 734 2013 peripheria
757 1924 924 1994 terminata
944 1923 1135 2019 augebitur,
1156 1927 1208 1996 vel
1231 1930 1287 1998 mi-

256 2032 376 2088 nuetur
399 2019 630 2106 cuntangulo.
1129 2046 1137 2058 ι
1187 2083 1191 2092 ,
1280 2067 1288 2084 ,.

303 2114 455 2197 6‘5.1nde
488 2107 563 2180 vcro
588 2109 679 2176 facile
715 2111 886 2176 admodum
916 2109 1104 2176 deducitur:
1136 2110 1285 2190 chordam

256 2225 346 2276 arcus
370 2203 472 2290 tnagis
495 2226 514 2270 a
535 2199 729 2270 semicirculo
748 2199 922 2268 recedentis
943 2200 1002 2267 effe
1025 2202 1204 2270 minorem:
1229 2205 1287 2270 cit-

220 2331 224 2338 ,
253 2295 365 2364 culum
390 2297 428 2364 ab
453 2295 519 2366 alio
541 2292 661 2359 circilo
684 2291 734 2358 vel
765 2291 861 2358 secari
883 2291 920 2358 'in
952 2290 1036 2360 binis
1058 2292 1185 2379 punstis
1215 2295 1288 2371 itae

251 2407 290 2456 ut
312 2387 389 2456 alter
420 2385 547 2472 exejus
580 2384 709 2458 arcubus
734 2379 818 2468 binis
849 2380 1124 2454 interseclionibus
1155 2384 1288 2454 interce-

251 2499 323 2564 ptus
344 2478 381 2545 stt
403 2495 486 2546 totus
508 2475 594 2540 intra
615 2473 742 2558 ipsum,
768 2471 845 2538 alter
867 2491 951 2538 totus
969 2493 1083 2551 extra,
1117 2481 1151 2543 ὃς
1175 2474 1262 2544 tedia
1275 2521 1296 2554 „

250 2593 323 2656 quae
345 2565 510 2651 conjungit
533 2564 608 2628 bina
628 2581 740 2628 eorum
764 2559 956 2627 circulorum
977 2582 1113 2643 centra,
1138 2567 1290 2636 bifariam,

134 2685 139 2694 ,
248 2661 329 2726 secet
352 2676 420 2724 tum
450 2673 536 2720 arms
559 2652 669 2736 ipsos,
699 2669 766 2720 tum
788 2651 942 2720 chordam
971 2676 1025 2740 per
1045 2657 1285 2730 interseffiones

250 2747 401 2821 ductam,
427 2765 462 2812 ac
483 2745 562 2822 locet
582 2741 735 2809 chordam
757 2745 891 2812 candem
924 2745 963 2810 ad
986 2748 1119 2835 angulos
1144 2749 1281 2820 ,ιςόὶοςς

250 2839 304 2908 vel
326 2837 471 2924 contingi
494 2836 538 2921 ‘in
562 2834 660 2904 unico
681 2837 819 2923 prndio,
841 2836 928 2924 quod
951 2838 1082 2923 quidem
1103 2842 1224 2929 semper
1241 2845 1281 2932 ja.

249 2930 338 2999 cebit
358 2929 393 2998 in
417 2926 637 3005 eademtedla
665 2947 738 2994 cum
762 2925 845 3012 binio,
874 2927 990 2994 centris
1015 2929 1077 3007 ita,
1098 2953 1133 3001 ut
1150 2935 1280 3002 nima

245 3023 311 3110 ipsa
333 3037 442 3094 centra
463 3020 579 3107 jaceat,
604 3017 680 3085 alter
701 3018 835 3088 circulus
856 3039 945 3086 extra
965 3017 1227 3102 alternando,
1246 3032 1279 3097 dc

246 3115 481 3182 convexitatem
504 3111 561 3184 nbi
585 3110 778 3189 obvertant3
800 3109 827 3180 st
847 3103 923 3178 vero
946 3129 1112 3202 utrumque
1135 3137 1278 3186 centrum

244 3205 344 3292 jaceat
367 3209 406 3270 ad
428 3205 563 3270 eandem
584 3202 649 3288 ejus
672 3202 824 3290 plagam,
847 3222 931 3270 totus
952 3203 1061 3272 minor
1084 3207 1220 3276 circulus
1242 3209 1285 3278 in

246 3294 362 3384 ntajoti
384 3295 583 3364 includatur:
605 3292 656 3360 vel
675 3296 806 3372 demum
827 3292 882 3358 fibi
913 3294 1070 3383 nusquam
1092 3305 1278 3377 occurrere,

242 3386 307 3456 stve
332 3387 409 3456 alter
434 3388 629 3460 adulterum
650 3405 721 3450 non
743 3384 897 3472 pertingat
918 3384 981 3454 five
1001 3403 1076 3456 eum
1097 3392 1279 3477 complexus

238 3477 328 3546 ultra
348 3479 446 3566 ipsum
472 3479 677 3547 transcurrat.
697 3476 774 3542 Haec
797 3497 901 3544 autem
923 3480 1071 3564 patebunt
1092 3482 1235 3559 omnia,
1254 3483 1277 3552 fi

242 3587 300 3658 pto
323 3569 442 3655 pundlo
464 3573 540 3640 dato
561 3567 728 3654 superioris
749 3567 876 3638 numeri
900 3569 1066 3638 affumatut
1086 3571 1192 3658 ipsum
1200 3576 1275 3644 alte-

246 3660 649 3737 noseredinum„
679 3733 683 3738 ,
1182 3702 1185 3708 -
1254 3673 1257 3680 ’

288 3754 406 3824 66.1n
430 3749 542 3824 Cotol.
571 3770 600 3818 1.
621 3749 690 3836 post
721 3773 808 3842 prop.
838 3773 890 3832 9,
913 3771 987 3822 cunt
1018 3752 1132 3826 dicitur
1165 3777 1273 3915 aptum

552 3886 554 3891 .
1159 3869 1177 3917 e
1203 3871 1221 3916 e
