2632 4214
280 207 851 282 ,APPE'NDrxs
964 216 1031 291 ’κη

39 297 110 370 ‚ese
142 299 319 374 mensuram
351 305 494 392 anguli,
533 327 603 372 non
635 301 821 389 intelligitur
854 301 1001 371 mensura
1037 303 1075 374 in

39 409 85 462 eo
112 391 227 469 sensu,
249 398 285 462 in
316 417 383 485 quo
405 397 534 468 sumitur
566 398 603 462 in
633 393 728 462 schol.
755 394 821 480 post
843 415 928 482 prop.
960 416 1008 476 7,
1040 415 1077 466 ut

38 483 82 554 fir
110 483 171 559 id,
200 490 288 573 quod
318 488 487 575 aliquoties
518 489 674 576 sumptum
706 489 849 573 adaequat
879 503 1000 562 totum,
1022 487 1076 558 sed

36 594 102 660 pro
133 579 307 662 quantitate
338 579 487 666 aequali,
518 604 581 667 qua
614 579 793 646 mensurata
824 578 974 647 habeatur
1006 598 1075 650 ma*

35 668 179 751 gnitudo
209 671 274 758 ejus
303 671 514 757 quantitatis,
545 672 630 759 cujus
653 670 799 740 mensura
832 668 982 746 dicitur,
1025 688 1071 736 at·

40 779 106 844 que
142 757 177 824 in
207 762 269 830 hoc
298 761 387 830 sensu
417 762 480 831 sere
512 762 629 849 semper
658 763 756 830 etiam
778 759 910 829 inferius
945 759 1076 852 accipie?

34 867 115 916 rur.
667 883 681 901 w

89 951 143 1027 67.
174 949 212 1014 ln
237 943 301 1030 ipsa
322 947 413 1034 Prop.
436 969 467 1027 9.
491 948 697 1022 notandum,
726 942 750 1012 st
775 961 862 1012 arcus
893 940 1003 1010 circuli
1029 945 1069 1018 fit

33 1033 240 1106 semicirculo
271 1039 411 1124 major,
442 1063 511 1108 non
543 1040 625 1126 posse
657 1038 694 1104 in
732 1034 898 1105 communi
941 1031 1074 1118 angulo-

40 1145 118 1194 rum
141 1128 390 1198 consideratione
415 1131 566 1216 angulum
587 1131 642 1215 ipsa
665 1129 800 1196 insistere
831 1129 870 1192 ad
902 1143 1072 1202 centrum,

32 1215 118 1287 licet
139 1219 232 1304 possit
254 1224 293 1288 ad
316 1221 623 1289 circumferentiam.
645 1221 737 1287 Natu
758 1239 797 1286 ex
821 1215 903 1284 binis
933 1217 998 1303 ejus
1012 1239 1074 1284 -ex-

35 1308 151 1378 tremis
183 1309 275 1380 restae
308 1314 348 1377 ad
385 1333 529 1380 centrum
557 1309 660 1379 duuae
700 1308 853 1397 angulum
885 1307 1075 1377 constituent

30 1399 146 1468 versus
167 1401 284 1487 ipsum.
309 1405 355 1470 Ac
377 1404 400 1468 fi
421 1403 482 1490 ipse
506 1423 594 1472 arcus
617 1399 812 1470 semicirculo
843 1397 973 1488 aqualis
1004 1398 1073 1475 su,

31 1487 115 1557 ,bini
136 1491 301 1578 ejusmodi
333 1495 416 1562 radii
437 1495 474 1564 in
505 1493 660 1564 direblum
690 1493 859 1574 jacebunt,
891 1490 952 1560 uec'
973 1509 1095 1576 ango¹
1132 1519 1136 1532 ·

35 1575 106 1648 lum
132 1579 350 1653 constituent.
381 1587 470 1654 Hinc
491 1608 526 1655 ut
546 1588 583 1654 in
599 1587 661 1654 hot
682 1582 845 1650 communi
869 1585 970 1650 modo
992 1585 1071 1652 edn-

35 1671 179 1756 cipiendi
212 1675 346 1761 angulos
373 1679 608 1747 demonstretur
634 1673 752 1746 ,Corol
789 1696 816 1742 ι.
845 1674 1071 1742 recurrendum

35 1765 85 1830 eil
114 1763 230 1832 iterum
264 1768 305 1832 ad
335 1768 640 1837 demonstrationem
671 1763 927 1852 propositionis,
957 1766 1003 1830 '&
1035 1762 1074 1830 iu

38 1853 105 1920 hoc
128 1857 199 1922 casu
222 1857 340 1943 semper
370 1878 514 1926 centrum
545 1854 717 1927 necessario
738 1859 828 1924 cadet
856 1856 943 1923 intra
973 1872 1074 1940 angui

37 1943 129 2022 lum„
154 1965 190 2016 ut
211 1946 246 2013 in
267 1949 317 2032 sig·
340 1969 412 2031 40,
435 1949 556 2034 eritque
579 1949 694 2034 semper
726 1947 878 2034 dimidiu}
898 1966 986 2016 arcus
1017 1941 1074 2012 AF.

38 2038 188 2114 mensura
211 2037 318 2125 anguli
341 2038 448 2114 ADE,
470 2038 622 2106 dimidius
633 2037 684 2103 BE
698 2039 843 2104 mensura
851 2039 960 2123 anguli
970 2036 1074 2114 BDE,

40 2133 186 2215 adeoque
209 2127 380 2213 dimidium
406 2127 501 2202 totius
525 2129 605 2201 AER
627 2130 687 2196 erit
717 2125 862 2194 mensura
883 2129 984 2194 torius
1017 2150 1073 2196 an.

38 2219 109 2308 guli
135 2220 238 2286 ΑΒΗ.
324 2215 330 2226 “
585 2252 587 2260 s
818 2257 823 2272 ·
931 2215 960 2251 ³

90 2317 144 2380 68.
166 2309 325 2381 Ceterum
348 2311 475 2400 anguli,
498 2312 560 2381 five
576 2309 735 2381 renatum
752 2307 981 2378 inclinationes
994 2325 1072 2388 con-

40 2402 170 2470 siderari
192 2405 317 2490 poliunt
338 2404 434 2472 etiam
455 2427 494 2472 ex
516 2425 601 2492 parre
625 2405 764 2492 opposita
786 2401 942 2489 cuspidis,
973 2401 1073 2470 nimi·

39 2513 112 2562 rum
143 2505 300 2571 externa,
331 2494 381 2564 vel
403 2516 574 2574 convexa,
605 2497 662 2584 qui
686 2497 724 2564 ab
747 2493 904 2580 aliquibus
925 2493 1071 2566 dicuntur

37 2584 152 2672 anguli
174 2586 287 2673 gibbi.
309 2586 483 2678 Quoniam
503 2588 537 2654 id
559 2591 683 2658 sununo
707 2587 775 2656 usui
795 2586 854 2654 esse
878 2585 1004 2676 potest>
1034 2591 1073 2656 bc

42 2680 85 2742 ad
107 2678 298 2748 Geometriae
319 2680 413 2754 vim,
435 2685 470 2746 δι
494 2680 678 2766 analogiam
698 2681 861 2766 quandam
891 2677 1071 2764 intelligen-

38 2771 118 2835 dam
140 2769 314 2854 plurimum
335 2769 511 2844 conducit,
543 2771 683 2854 capiatur
704 2771 868 2843 circinus,
900 2789 937 2832 ac
957 2769 1070 2840 sensim

39 2860 212 2946 aperiatur,
229 2863 350 2948 cuspide
373 2881 531 2948 utraque,
564 2865 601 2928 dc
624 2860 713 2928 hiatu
732 2857 889 2944 spellanre
910 2857 1072 2936 Coelum,

42 2955 147 3018 donec
169 2941 245 3018 blna
266 2954 332 3038 ejus
354 2971 444 3020 crura
474 2952 510 3018 in
531 2950 686 3020 diredlum
708 2951 856 3038 jaceant,
891 2969 956 3017 rum
980 2971 1074 3018 motu

38 3045 84 3124 <in
107 3046 301 3110 contrariam
323 3065 442 3131 partem
464 3041 693 3111 infleslantur.
723 3042 824 3110 Initio
854 3043 984 3127 quidem
1017 3063 1074 3108 an·

54 3134 145 3222 gulos
186 3136 354 3204 communi
393 3137 491 3204 modo
532 3135 744 3202 consideratus
785 3131 914 3204 Coelum
953 3130 1074 3217 spe&-

39 3227 115 3308 bit,
149 3247 217 3294 tum
246 3226 273 3292 is
302 3245 447 3313 perpetuo
477 3228 614 3296 crescens
637 3226 734 3294 abibit
755 3224 790 3293 in
811 3224 955 3299 cedrum,
979 3223 1071 3316 dein-

43 3321 82 3386 de
104 3314 139 3384 in
161 3318 330 3392 obtusum,
362 3320 539 3404 lacentibus
569 3318 606 3384 in
628 3317 785 3386 direllum
816 3315 981 3390 cruribus,
1014 3337 1071 3381 an·

42 3408 133 3498 gulus
155 3431 224 3478 non
255 3413 366 3480 evadet
388 3412 511 3488 nullus,
535 3411 585 3478 sed
609 3410 742 3496 ,aqualis
774 3409 859 3476 binis
881 3405 1002 3481 tellis,
1033 3407 1072 3476 sr-

40 3523 82 3570 vve
103 3504 256 3588 graduum
282 3508 355 3572 180.
381 3503 508 3571 Deinde
532 3523 609 3573 vero
630 3503 775 3588 'angulus
803 3500 969 3594 communi
1000 3517 1072 3566 nro-

43 3597 88 3672 ¹clo
116 3592 326 3670 confidemus
356 3591 420 3682 iam
452 3593 601 3685 spoliabit
631 3593 776 3752 dpeorsum
791 3613 812 3674 3.
839 3611 871 3662 at
899 3589 986 3754 illec,
1013 3589 1073 3690 qui

690 3706 706 3775 3
978 3701 1024 3754 ω,
