2624 4212
271 231 316 298 bo
529 221 603 296 E'I.
624 219 652 294 E
673 223 713 294 M
732 223 763 294 E
784 221 821 296 N
841 220 875 294 T
894 223 924 296 A
986 225 989 230 ’

214 338 361 406 quarum
382 315 610 406 terminirqni
630 317 705 386 inde
726 316 923 395 efficiuntur,
946 318 1023 386 duas
1048 315 1248 394 constituent

190 435 193 442 ·
221 410 364 480 tationes
383 427 470 478 ortas
490 407 536 476 ibi
556 431 597 477 ex
619 408 900 495 mtdtipiicatione,
924 409 977 476 hic
992 429 1032 478 ex
1052 410 1174 480 summa
1191 431 1245 478 ta-

222 503 351 570 tionum
372 501 544 588 equalium
567 501 710 588 adeoque
731 505 768 571 dt
790 501 862 588 ipsae
885 499 1019 590 aquales
1040 521 1134 572 eruut
1155 501 1245 570 inter

222 594 271 662 se.
292 591 446 678 Exempla
466 593 560 660 habes
581 589 617 656 in
640 589 698 682 Q
720 592 772 669 R,
793 595 834 670 8,
855 591 907 661 Τ.
956 609 957 612 ’
1211 629 1214 634 ·

271 703 322 760 19.
344 683 382 752 Si
403 683 439 752 in
460 681 596 768 pluribus
625 683 803 754 rationibus
833 682 1033 772 geometricis
1062 683 1114 753 vel
1145 682 1244 753 arith-

214 773 348 844 meticis
367 777 514 846 eunoun
536 773 709 846 terminum
740 775 856 845 alicubi
886 777 947 844 effe
976 774 1144 862 contingat
1174 797 1245 848 trun

219 865 259 934 in
281 864 549 941 antecedentibus,
573 885 640 934 tum
661 867 698 935 in
719 868 1012 954 consequentibust
1043 869 1153 938 eadem
1181 869 1248 938 etit

216 952 502 1042 satio-composta
523 955 647 1026 etiamfi
669 958 822 1028 cerninus
845 957 900 1026 ille
921 955 1127 1047 supprimetur
1147 1005 1158 1028 .
1180 959 1252 1028 Exn

222 1051 327 1138 emph
349 1050 444 1117 habes
466 1047 502 1114 in
524 1050 554 1118 V
575 1055 613 1120 dc
634 1051 684 1126 Χ,
705 1049 760 1118 nbi
781 1070 852 1118 ants
875 1069 930 1126 nc,
953 1056 990 1120 δι
1011 1074 1050 1120 a:
1073 1072 1097 1116 n
1115 1051 1246 1118 suntra-

223 1143 328 1212 tiones
348 1139 527 1225 comporta
547 1163 588 1208 ex
612 1141 710 1210 tribus
731 1139 940 1227 superioribus
962 1141 1114 1226 suppreffo
1139 1142 1255 1211 termi-b

224 1227 312 1302 nob
333 1232 369 1298 in
391 1231 509 1316 prima,
532 1237 569 1302 δε
592 1225 629 1300 bt
649 1231 686 1300 in
707 1232 859 1309 sectmdat
881 1233 969 1320 quod
990 1231 1025 1298 hi
1057 1236 1247 1304 anteceden-¹

226 1324 324 1400 tibus,
347 1327 384 1392 dc
405 1323 668 1412 consequentibus
691 1341 879 1392 communes
896 1324 985 1392 sunt.
1008 1322 1128 1392 Eadem
1136 1343 1252 1392 etern-

223 1414 276 1500 pla
294 1413 444 1482 exhibent
464 1416 591 1494 numeri
614 1415 651 1482 in
672 1416 722 1490 Y,
744 1417 790 1483 Z.
812 1413 917 1498 Quod
939 1416 962 1482 b
984 1413 1058 1502 quis
1088 1412 1125 1480 in
1149 1415 1248 1485 aritir·

223 1505 348 1574 metiris
369 1527 499 1594 quoque
522 1504 702 1574 rationibus
723 1505 867 1592 exempla
887 1505 1037 1576 defidetet
1050 1549 1065 1580 ‚
1094 1505 1248 1576 facillime·

221 1599 276 1682 per
296 1577 332 1667 ie
354 1618 467 1685 ponet.
491 1595 730 1668 Demonstratio
751 1601 866 1684 pendet
887 1619 928 1664 ex
949 1619 990 1665 eo
1011 1597 1099 1684 quod
1128 1597 1164 1665 in
1194 1599 1246 1666 his
1305 1649 1307 1656 .

222 1689 344 1760 rabbus
367 1690 521 1760 terminus
541 1687 738 1774 supprimitur
755 1731 768 1761 ,
784 1687 847 1774 ‚qtti
868 1686 1090 1774 tmdtiplicaret
1111 1687 1149 1756 in
1169 1711 1249 1776 goo-

222 1783 374 1858 mettica,
396 1788 433 1854 &
458 1795 582 1868 augeret
605 1778 642 1845 in
664 1778 862 1846 arithmetica
883 1799 1050 1866 urtumque
1075 1780 1249 1850 terminum

221 1861 378 1948 rationis,
398 1883 497 1958 ‘quate
519 1873 631 1939 eadem
651 1889 761 1941 manet
782 1871 866 1938 tatio
887 1871 899 1957 (
915 1888 969 1956 per
992 1891 1074 1939 num.
1093 1881 1124 1940 6.
1148 1867 1161 1954 )
1182 1872 1247 1941 five

224 1961 385 2048 abjiciatur
406 1961 460 2030 iiie
478 1961 650 2039 terminus,
672 1963 735 2032 five
751 1960 920 2040 inducatur
936 1963 970 2030 in
979 1962 1141 2032 tationem
1156 1981 1248 2031 com·

223 2051 373 2138 potitam.
395 2051 474 2122 Inde
496 2055 594 2122 etiam
615 2053 707 2124 facile
729 2054 850 2124 ernitnt
871 2057 959 2142 quod
982 2054 1075 2122 toties
1098 2053 1135 2120 in
1167 2073 1247 2122 con·
1310 2125 1311 2130 ,

222 2143 422 2231 sequentibus
442 2145 530 2214 idem
551 2146 706 2216 terminus
727 2147 920 2234 pretermitti
944 2145 1050 2234 potest
1063 2143 1187 2232 quoties
1209 2145 1247 2212 in

222 2239 476 2307 antecedentibus
495 2237 664 2326 suppressus
684 2237 746 2316 est,
768 2259 805 2307 ut
825 2238 863 2307 in
886 2238 961 2306 AA:
984 2237 1038 2306 ubi
1061 2255 1134 2302 oum
1158 2225 1247 2302 bse-

114 2399 118 2406 ,
223 2327 349 2396 melin
372 2330 628 2400 antecedentibus
650 2349 812 2405 occurrat,
834 2331 881 2396 bis
902 2330 937 2394 in
960 2323 1245 2411 consequentibus,
1304 2365 1306 2370 ,

221 2415 261 2484 in
284 2419 335 2486 his
356 2443 427 2488 non
449 2419 509 2486 niu
531 2419 625 2490 semel
645 2420 794 2504 supprimi
815 2417 929 2503 potest.

164 2534 166 2540 ’
273 2533 327 2578 ao.
349 2510 451 2579 Ratio
473 2509 535 2578 five
556 2511 764 2596 geometrica,
787 2509 849 2574 stve
872 2505 1068 2574 arithmetica
1099 2505 1245 2578 uniuscu-

223 2600 319 2687 jusvis
343 2598 470 2668 termini
493 2604 533 2666 ad
555 2599 655 2666 aliurn
676 2597 819 2684 quemvis
841 2598 1044 2684 componitur
1075 2621 1121 2666 ex-
1146 2599 1249 2668 ratio-

225 2690 320 2759 nibns
341 2689 559 2766 intermediis,
579 2711 650 2778 qnae
673 2690 818 2758 oriuntur
840 2711 879 2758 ex
901 2689 1017 2776 quovis
1040 2701 1247 2760 numeroter-

224 2781 390 2858 minorum
411 2781 683 2870 interjacentium.
707 2780 760 2850 Sic
781 2779 866 2848 tario
888 2803 927 2848 a:
951 2773 970 2848 b
992 2801 1133 2870 aequatnr
1148 2783 1248 2850 tatio·

201 2871 205 2881 '
225 2873 263 2940 ni
284 2873 464 2960 composita
484 2897 524 2942 ex
546 2897 586 2940 a:
609 2895 659 2950 m,
683 2893 732 2940 m:
750 2889 791 2956 p,
808 2890 849 2958 p:
873 2893 907 2949 r,
929 2895 964 2939 re
988 2895 1024 2948 c,
1043 2894 1077 2939 c:
1100 2867 1120 2939 b
1140 2918 1150 2950 ,
1181 2874 1247 2940 ini·

226 2963 274 3032 tio
296 2962 390 3041 facin
406 2964 442 3030 in
464 2987 502 3042 a,
520 2970 563 3036 -&
584 2965 756 3034 desinendo
779 2965 817 3032 in
839 2958 876 3041 b,
899 2963 1028 3052 sumptis
1047 2963 1189 3033 terminis
1197 2967 1247 3032 in-

147 3071 149 3075 ‘
196 3107 198 3111 ·
226 3054 389 3125 termediis
412 3075 494 3142 quot
513 3055 657 3126 libuerit.
679 3055 733 3124 Sic
755 3055 790 3122 in
813 3055 957 3124 muneris
976 3056 1063 3124 ratio
1088 3065 1148 3144 36:
1173 3053 1271 3132 rein

224 3149 310 3216 tatio
331 3147 504 3233 composita
523 3171 563 3216 ex
583 3159 642 3235 36:
671 3153 728 3224 18,
752 3153 811 3216 182
832 3161 871 3225 6,
890 3158 929 3216 6:
952 3168 1082 3224 12,12:
1102 3154 1245 3232 '4‚4:s.

224 3237 465 3316 Demonstratio
487 3239 525 3306 in
548 3260 693 3328 promptu
714 3237 777 3315 est,
799 3239 877 3327 qnia
898 3241 1089 3326 quantitates
1111 3236 1174 3302 illae
1196 3239 1249 3308 in·

226 3331 382 3398 termediae
405 3330 441 3396 in
466 3333 719 3400 antecedentibus
735 3337 771 3400 &
787 3331 1051 3418 consequentibus
1059 3347 1244 3405 occurrunt,

226 3423 311 3493 unde
333 3419 416 3489 ratio
437 3423 611 3512 compostta
631 3422 670 3492 eit
688 3445 726 3491 a:
746 3443 796 3498 m,
812 3444 863 3504 m:
878 3441 917 3506 p,
928 3441 968 3506 p:
985 3444 1018 3497 t,
1040 3441 1073 3486 r:
1096 3441 1136 3497 a,
1163 3442 1197 3488 c:
1225 3414 1248 3486 b

225 3515 337 3580 eadem
359 3511 403 3582 est
427 3535 463 3580 ac
483 3516 568 3584 ratio
590 3535 707 3600 amprc:
731 3507 968 3599 mprrb,inqua
991 3511 1244 3598 suppreffiacorn·

227 3605 376 3676 tuunibus
398 3607 543 3676 terminis
564 3627 707 3676 remanet
728 3605 812 3673 ratio
835 3626 873 3670 a:
896 3597 933 3670 b.
1220 3625 1223 3632 ¹

257 3717 329 3784 221.
351 3694 441 3788 Hip}
461 3699 574 3788 duplex
597 3699 697 3780 oritur
721 3694 965 3786 argutncntandi
988 3695 1090 3777 ratio,
1112 3713 1248 3853 qssi'atmn

1146 3805 1201 3858 tc·
