<?xml version="1.0" encoding="UTF-8"?>
<!DOCTYPE html PUBLIC "-//W3C//DTD XHTML 1.0 Transitional//EN"
    "http://www.w3.org/TR/xhtml1/DTD/xhtml1-transitional.dtd">
<html xmlns="http://www.w3.org/1999/xhtml" xml:lang="en" lang="en">
 <head>
  <title>
</title>
<meta http-equiv="Content-Type" content="text/html;charset=utf-8" />
  <meta name='ocr-system' content='tesseract 3.04.00' />
  <meta name='ocr-capabilities' content='ocr_page ocr_carea ocr_par ocr_line ocrx_word'/>
</head>
<body>
  <div class='ocr_page' id='page_1' title='image "./elementorumuniv01boscgoog_0066.png"; bbox 0 0 2624 4212; ppageno 0'>
   <div class='ocr_carea' id='block_1_1' title="bbox 310 198 1195 388">
    <p class='ocr_par' dir='ltr' id='par_1_1' title="bbox 310 198 1195 388">
     <span class='ocr_line' id='line_1_1' title="bbox 310 198 1195 388; baseline -0.009 -29"><span class='ocrx_word' id='word_1_1' title='bbox 310 307 440 388; x_wconf 37' lang='lat'>54¹.</span> <span class='ocrx_word' id='word_1_2' title='bbox 572 277 1032 356; x_wconf 78' lang='lat' dir='ltr'>ELEMENTA&#39;</span> <span class='ocrx_word' id='word_1_3' title='bbox 1188 198 1195 269; x_wconf 25' lang='grc' dir='ltr'><strong>Χ</strong></span> 
     </span>
    </p>
   </div>
   <div class='ocr_carea' id='block_1_2' title="bbox 265 365 1294 1210">
    <p class='ocr_par' dir='ltr' id='par_1_2' title="bbox 265 365 1294 1210">
     <span class='ocr_line' id='line_1_2' title="bbox 269 365 1293 468; baseline -0.013 -13"><span class='ocrx_word' id='word_1_4' title='bbox 269 387 415 462; x_wconf 76' lang='lat' dir='ltr'>duciturt</span> <span class='ocrx_word' id='word_1_5' title='bbox 434 381 485 453; x_wconf 86' lang='lat' dir='ltr'>sed</span> <span class='ocrx_word' id='word_1_6' title='bbox 508 379 687 450; x_wconf 86' lang='lat' dir='ltr'>differentia</span> <span class='ocrx_word' id='word_1_7' title='bbox 707 380 835 468; x_wconf 75' lang='lat' dir='ltr'>quaeslta</span> <span class='ocrx_word' id='word_1_8' title='bbox 857 377 918 448; x_wconf 90' lang='lat' dir='ltr'>etit</span> <span class='ocrx_word' id='word_1_9' title='bbox 939 375 1100 464; x_wconf 79' lang='lat' dir='ltr'>quantitas</span> <span class='ocrx_word' id='word_1_10' title='bbox 1121 365 1293 460; x_wconf 68' lang='lat' dir='ltr'>negatitaj</span> 
     </span>
     <span class='ocr_line' id='line_1_3' title="bbox 265 468 1293 561; baseline -0.011 -14"><span class='ocrx_word' id='word_1_11' title='bbox 265 485 310 552; x_wconf 66' lang='lat' dir='ltr'>dt</span> <span class='ocrx_word' id='word_1_12' title='bbox 333 477 443 546; x_wconf 86' lang='lat' dir='ltr'>minor</span> <span class='ocrx_word' id='word_1_13' title='bbox 463 472 589 542; x_wconf 83' lang='lat' dir='ltr'><strong>nihilo.</strong></span> <span class='ocrx_word' id='word_1_14' title='bbox 611 473 664 542; x_wconf 85' lang='lat' dir='ltr'>Sic</span> <span class='ocrx_word' id='word_1_15' title='bbox 687 473 710 540; x_wconf 81' lang='lat' dir='ltr'>fi</span> <span class='ocrx_word' id='word_1_16' title='bbox 732 471 804 560; x_wconf 84' lang='lat' dir='ltr'>quis</span> <span class='ocrx_word' id='word_1_17' title='bbox 825 469 975 561; x_wconf 78' lang='lat' dir='ltr'>expensas</span> <span class='ocrx_word' id='word_1_18' title='bbox 991 468 1123 545; x_wconf 82' lang='lat' dir='ltr'>iaceret,</span> <span class='ocrx_word' id='word_1_19' title='bbox 1142 468 1293 556; x_wconf 81' lang='lat' dir='ltr'>quaeluas</span> 
     </span>
     <span class='ocr_line' id='line_1_4' title="bbox 271 557 1294 657; baseline -0.011 -20"><span class='ocrx_word' id='word_1_20' title='bbox 271 591 349 657; x_wconf 84' lang='lat' dir='ltr'>opes</span> <span class='ocrx_word' id='word_1_21' title='bbox 370 569 575 642; x_wconf 79' lang='lat' dir='ltr'>excederent,</span> <span class='ocrx_word' id='word_1_22' title='bbox 597 565 654 635; x_wconf 83' lang='lat' dir='ltr'>hat</span> <span class='ocrx_word' id='word_1_23' title='bbox 676 565 855 634; x_wconf 84' lang='lat' dir='ltr'>subduceret</span> <span class='ocrx_word' id='word_1_24' title='bbox 878 563 916 630; x_wconf 89' lang='lat' dir='ltr'>ab</span> <span class='ocrx_word' id='word_1_25' title='bbox 937 559 1111 648; x_wconf 74' lang='lat' dir='ltr'>expensus,</span> <span class='ocrx_word' id='word_1_26' title='bbox 1141 564 1178 629; x_wconf 80' lang='lat' dir='ltr'>de</span> <span class='ocrx_word' id='word_1_27' title='bbox 1201 557 1294 627; x_wconf 75' lang='lat' dir='ltr'>diffe-</span> 
     </span>
     <span class='ocr_line' id='line_1_5' title="bbox 271 649 1294 744; baseline -0.01 -14"><span class='ocrx_word' id='word_1_28' title='bbox 271 660 378 730; x_wconf 89' lang='lat' dir='ltr'>tentia</span> <span class='ocrx_word' id='word_1_29' title='bbox 400 659 575 728; x_wconf 85' lang='lat' dir='ltr'>ostenderet</span> <span class='ocrx_word' id='word_1_30' title='bbox 603 678 728 744; x_wconf 87' lang='lat' dir='ltr'>quanto</span> <span class='ocrx_word' id='word_1_31' title='bbox 757 655 923 726; x_wconf 81' lang='lat' dir='ltr'>deterioris</span> <span class='ocrx_word' id='word_1_32' title='bbox 953 649 1149 720; x_wconf 77' lang='lat' dir='ltr'>conditionis</span> <span class='ocrx_word' id='word_1_33' title='bbox 1179 649 1220 719; x_wconf 81' lang='lat' dir='ltr'>ne</span> <span class='ocrx_word' id='word_1_34' title='bbox 1246 650 1294 720; x_wconf 76' lang='lat' dir='ltr'>dr·</span> 
     </span>
     <span class='ocr_line' id='line_1_6' title="bbox 268 743 1294 840; baseline -0.011 -19"><span class='ocrx_word' id='word_1_35' title='bbox 268 749 362 828; x_wconf 65' lang='lat' dir='ltr'>(lus,</span> <span class='ocrx_word' id='word_1_36' title='bbox 384 759 484 840; x_wconf 85' lang='lat' dir='ltr'>quam</span> <span class='ocrx_word' id='word_1_37' title='bbox 507 751 530 818; x_wconf 88' lang='lat' dir='ltr'>fi</span> <span class='ocrx_word' id='word_1_38' title='bbox 552 748 638 817; x_wconf 86' lang='lat' dir='ltr'>nihil</span> <span class='ocrx_word' id='word_1_39' title='bbox 657 751 802 825; x_wconf 85' lang='lat' dir='ltr'>habetet,</span> <span class='ocrx_word' id='word_1_40' title='bbox 824 748 877 816; x_wconf 89' lang='lat' dir='ltr'>vel</span> <span class='ocrx_word' id='word_1_41' title='bbox 898 745 976 836; x_wconf 87' lang='lat' dir='ltr'>quid</span> <span class='ocrx_word' id='word_1_42' title='bbox 999 743 1055 812; x_wconf 80' lang='lat' dir='ltr'>nbi</span> <span class='ocrx_word' id='word_1_43' title='bbox 1071 743 1165 819; x_wconf 85' lang='lat' dir='ltr'>defit,</span> <span class='ocrx_word' id='word_1_44' title='bbox 1188 757 1294 812; x_wconf 80' lang='lat' dir='ltr'>utaert</span> 
     </span>
     <span class='ocr_line' id='line_1_7' title="bbox 269 835 1294 931; baseline -0.012 -19"><span class='ocrx_word' id='word_1_45' title='bbox 269 841 379 912; x_wconf 75' lang='lat' dir='ltr'>alieno</span> <span class='ocrx_word' id='word_1_46' title='bbox 399 842 561 931; x_wconf 80' lang='lat' dir='ltr'>expeditus</span> <span class='ocrx_word' id='word_1_47' title='bbox 580 841 666 914; x_wconf 83' lang='lat' dir='ltr'>nihil</span> <span class='ocrx_word' id='word_1_48' title='bbox 686 837 799 908; x_wconf 83' lang='lat' dir='ltr'>h&#39;abete</span> <span class='ocrx_word' id='word_1_49' title='bbox 820 839 951 926; x_wconf 87' lang='lat' dir='ltr'>incipiat</span> <span class='ocrx_word' id='word_1_50' title='bbox 968 882 977 907; x_wconf 83' lang='lat'><strong>.</strong></span> <span class='ocrx_word' id='word_1_51' title='bbox 1008 837 1110 906; x_wconf 86' lang='lat' dir='ltr'>Unde</span> <span class='ocrx_word' id='word_1_52' title='bbox 1140 835 1233 904; x_wconf 79' lang='lat' dir='ltr'>vides</span> <span class='ocrx_word' id='word_1_53' title='bbox 1254 853 1294 902; x_wconf 62' lang='grc' dir='ltr'>τε</span> 
     </span>
     <span class='ocr_line' id='line_1_8' title="bbox 269 923 1293 1024; baseline -0.01 -22"><span class='ocrx_word' id='word_1_54' title='bbox 269 935 413 1006; x_wconf 79' lang='lat' dir='ltr'>alienum</span> <span class='ocrx_word' id='word_1_55' title='bbox 436 952 575 1024; x_wconf 85' lang='lat' dir='ltr'>congrue</span> <span class='ocrx_word' id='word_1_56' title='bbox 598 931 894 1024; x_wconf 85' lang='lat' dir='ltr'>diciquantitatem</span> <span class='ocrx_word' id='word_1_57' title='bbox 915 931 1100 1019; x_wconf 78' lang='lat' dir='ltr'>negativam</span> <span class='ocrx_word' id='word_1_58' title='bbox 1122 929 1159 996; x_wconf 76' lang='lat' dir='ltr'>de</span> <span class='ocrx_word' id='word_1_59' title='bbox 1185 923 1293 994; x_wconf 86' lang='lat' dir='ltr'>nihilo</span> 
     </span>
     <span class='ocr_line' id='line_1_9' title="bbox 267 1017 1291 1111; baseline -0.013 -15"><span class='ocrx_word' id='word_1_60' title='bbox 267 1027 450 1097; x_wconf 88' lang='lat' dir='ltr'>minorem.</span> <span class='ocrx_word' id='word_1_61' title='bbox 471 1025 646 1097; x_wconf 86' lang='lat' dir='ltr'>lnnumeta</span> <span class='ocrx_word' id='word_1_62' title='bbox 662 1027 739 1096; x_wconf 81' lang='lat' dir='ltr'>&#39;stmt</span> <span class='ocrx_word' id='word_1_63' title='bbox 759 1021 931 1111; x_wconf 88' lang='lat' dir='ltr'>ejusmodi,</span> <span class='ocrx_word' id='word_1_64' title='bbox 953 1039 992 1090; x_wconf 85' lang='lat' dir='ltr'>ex</span> <span class='ocrx_word' id='word_1_65' title='bbox 1009 1017 1124 1110; x_wconf 85' lang='lat' dir='ltr'>quibus</span> <span class='ocrx_word' id='word_1_66' title='bbox 1139 1018 1291 1110; x_wconf 81' lang='lat' dir='ltr'>Tyronet</span> 
     </span>
     <span class='ocr_line' id='line_1_10' title="bbox 267 1109 1290 1210; baseline -0.013 -21"><span class='ocrx_word' id='word_1_67' title='bbox 267 1115 570 1210; x_wconf 78' lang='lat' dir='ltr'>oportet‘nega&#39;tivae</span> <span class='ocrx_word' id='word_1_68' title='bbox 591 1116 780 1208; x_wconf 86' lang='lat' dir='ltr'>quantitatis</span> <span class='ocrx_word' id='word_1_69' title='bbox 800 1113 971 1184; x_wconf 80' lang='lat' dir='ltr'>notionem</span> <span class='ocrx_word' id='word_1_70' title='bbox 994 1111 1092 1202; x_wconf 69' lang='lat' dir='ltr'>probi</span> <span class='ocrx_word' id='word_1_71' title='bbox 1113 1109 1290 1198; x_wconf 86' lang='lat' dir='ltr'>concipere.</span> 
     </span>
    </p>
   </div>
   <div class='ocr_carea' id='block_1_3' title="bbox 447 1301 1085 1571">
    <p class='ocr_par' dir='ltr' id='par_1_3' title="bbox 447 1301 1085 1571">
     <span class='ocr_line' id='line_1_11' title="bbox 706 1301 845 1380; baseline -0.065 0"><span class='ocrx_word' id='word_1_72' title='bbox 706 1303 737 1380; x_wconf 71' lang='lat'>§-</span> <span class='ocrx_word' id='word_1_73' title='bbox 781 1301 845 1373; x_wconf 87' lang='lat' dir='ltr'>1v.</span> 
     </span>
     <span class='ocr_line' id='line_1_12' title="bbox 447 1477 1085 1571; baseline -0.011 -17"><span class='ocrx_word' id='word_1_74' title='bbox 447 1479 701 1571; x_wconf 72' lang='lat' dir='ltr'>&#39;Multiplid&#39;atio</span> <span class='ocrx_word' id='word_1_75' title='bbox 722 1483 761 1553; x_wconf 76' lang='lat' dir='ltr'>in</span> <span class='ocrx_word' id='word_1_76' title='bbox 781 1477 917 1552; x_wconf 71' lang='lat' dir='ltr'>maturis</span> <span class='ocrx_word' id='word_1_77' title='bbox 937 1478 1085 1564; x_wconf 74' lang='lat' dir='ltr'>integris.</span> 
     </span>
    </p>
   </div>
   <div class='ocr_carea' id='block_1_4' title="bbox 244 1655 1294 3130">
    <p class='ocr_par' dir='ltr' id='par_1_4' title="bbox 244 1655 1294 2300">
     <span class='ocr_line' id='line_1_13' title="bbox 263 1655 1292 1754; baseline -0.013 -16"><span class='ocrx_word' id='word_1_78' title='bbox 263 1669 324 1754; x_wconf 73' lang='lat'>{15-</span> <span class='ocrx_word' id='word_1_79' title='bbox 413 1661 572 1738; x_wconf 80' lang='lat' dir='ltr'>Uentitat</span> <span class='ocrx_word' id='word_1_80' title='bbox 592 1669 668 1736; x_wconf 81' lang='lat' dir='ltr'>data</span> <span class='ocrx_word' id='word_1_81' title='bbox 689 1687 742 1754; x_wconf 91' lang='lat' dir='ltr'>pet</span> <span class='ocrx_word' id='word_1_82' title='bbox 764 1681 935 1734; x_wconf 84' lang='lat' dir='ltr'>numerum</span> <span class='ocrx_word' id='word_1_83' title='bbox 956 1663 1116 1750; x_wconf 80' lang='lat' dir='ltr'>integrum</span> <span class='ocrx_word' id='word_1_84' title='bbox 1137 1655 1292 1748; x_wconf 83' lang='lat' dir='ltr'>multipli-</span> 
     </span>
     <span class='ocr_line' id='line_1_14' title="bbox 270 1749 1293 1842; baseline -0.01 -14"><span class='ocrx_word' id='word_1_85' title='bbox 270 1773 274 1782; x_wconf 88' lang='grc'><strong>’</strong></span> <span class='ocrx_word' id='word_1_86' title='bbox 435 1779 616 1828; x_wconf 83' lang='lat' dir='ltr'>caturcum</span> <span class='ocrx_word' id='word_1_87' title='bbox 640 1761 735 1826; x_wconf 80' lang='lat' dir='ltr'>toties</span> <span class='ocrx_word' id='word_1_88' title='bbox 757 1757 889 1825; x_wconf 86' lang='lat' dir='ltr'>sumitur</span> <span class='ocrx_word' id='word_1_89' title='bbox 917 1801 928 1832; x_wconf 93' lang='lat'>,</span> <span class='ocrx_word' id='word_1_90' title='bbox 959 1753 1086 1842; x_wconf 83' lang='lat' dir='ltr'>quoties</span> <span class='ocrx_word' id='word_1_91' title='bbox 1114 1749 1224 1820; x_wconf 86' lang='lat' dir='ltr'>unitas</span> <span class='ocrx_word' id='word_1_92' title='bbox 1263 1751 1293 1818; x_wconf 86' lang='lat' dir='ltr'>in</span> 
     </span>
     <span class='ocr_line' id='line_1_15' title="bbox 264 1839 1293 1938; baseline -0.005 -23"><span class='ocrx_word' id='word_1_93' title='bbox 264 1863 404 1916; x_wconf 85' lang='lat' dir='ltr'>numero</span> <span class='ocrx_word' id='word_1_94' title='bbox 427 1851 629 1926; x_wconf 81' lang='lat' dir='ltr'>continetur,</span> <span class='ocrx_word' id='word_1_95' title='bbox 650 1869 704 1937; x_wconf 83' lang='lat' dir='ltr'>per</span> <span class='ocrx_word' id='word_1_96' title='bbox 726 1869 823 1938; x_wconf 85' lang='lat' dir='ltr'>quem</span> <span class='ocrx_word' id='word_1_97' title='bbox 845 1848 936 1916; x_wconf 92' lang='lat' dir='ltr'>debet</span> <span class='ocrx_word' id='word_1_98' title='bbox 958 1842 1180 1932; x_wconf 78' lang='lat' dir='ltr'>multiplicati.</span> <span class='ocrx_word' id='word_1_99' title='bbox 1204 1839 1293 1910; x_wconf 81' lang='lat' dir='ltr'>Turn</span> 
     </span>
     <span class='ocr_line' id='line_1_16' title="bbox 263 1934 1292 2035; baseline -0.002 -31"><span class='ocrx_word' id='word_1_100' title='bbox 263 1934 341 2035; x_wconf 78' lang='lat' dir='ltr'>vetd</span> <span class='ocrx_word' id='word_1_101' title='bbox 363 1954 417 2026; x_wconf 88' lang='lat' dir='ltr'>per</span> <span class='ocrx_word' id='word_1_102' title='bbox 437 1961 607 2010; x_wconf 87' lang='lat' dir='ltr'>numerum</span> <span class='ocrx_word' id='word_1_103' title='bbox 639 1941 775 2010; x_wconf 72' lang='lat' dir='ltr'>stadium</span> <span class='ocrx_word' id='word_1_104' title='bbox 804 1937 1008 2026; x_wconf 85' lang='lat' dir='ltr'>multiplicari</span> <span class='ocrx_word' id='word_1_105' title='bbox 1032 1936 1182 2008; x_wconf 75' lang='lat' dir='ltr'>dicitur,</span> <span class='ocrx_word' id='word_1_106' title='bbox 1215 1947 1292 2002; x_wconf 73' lang='lat' dir='ltr'>cum</span> 
     </span>
     <span class='ocr_line' id='line_1_17' title="bbox 262 2021 1294 2120; baseline -0.008 -24"><span class='ocrx_word' id='word_1_107' title='bbox 262 2047 314 2096; x_wconf 88' lang='lat' dir='ltr'>tot</span> <span class='ocrx_word' id='word_1_108' title='bbox 337 2027 426 2099; x_wconf 86' lang='lat' dir='ltr'>illius</span> <span class='ocrx_word' id='word_1_109' title='bbox 447 2051 548 2120; x_wconf 83' lang='lat' dir='ltr'>partes</span> <span class='ocrx_word' id='word_1_110' title='bbox 576 2021 743 2103; x_wconf 83' lang='lat' dir='ltr'>sumimur</span> <span class='ocrx_word' id='word_1_111' title='bbox 771 2075 782 2112; x_wconf 88' lang='lat'><strong>,</strong></span> <span class='ocrx_word' id='word_1_112' title='bbox 814 2051 894 2120; x_wconf 92' lang='lat' dir='ltr'>quot</span> <span class='ocrx_word' id='word_1_113' title='bbox 926 2027 1043 2096; x_wconf 69' lang='lat' dir='ltr'>ftadlio</span> <span class='ocrx_word' id='word_1_114' title='bbox 1074 2021 1222 2099; x_wconf 82' lang='lat' dir='ltr'>indicat,</span> <span class='ocrx_word' id='word_1_115' title='bbox 1256 2023 1294 2089; x_wconf 85' lang='lat' dir='ltr'>in</span> 
     </span>
     <span class='ocr_line' id='line_1_18' title="bbox 262 2111 1293 2216; baseline -0.007 -25"><span class='ocrx_word' id='word_1_116' title='bbox 262 2135 363 2216; x_wconf 78' lang='lat' dir='ltr'>qnam</span> <span class='ocrx_word' id='word_1_117' title='bbox 385 2123 535 2195; x_wconf 64' lang='lat' dir='ltr'>ducitur.⁴</span> <span class='ocrx_word' id='word_1_118' title='bbox 565 2125 705 2216; x_wconf 76' lang='lat' dir='ltr'>Augetur</span> <span class='ocrx_word' id='word_1_119' title='bbox 738 2125 845 2212; x_wconf 83' lang='lat' dir='ltr'>itaque</span> <span class='ocrx_word' id='word_1_120' title='bbox 868 2139 1018 2190; x_wconf 82' lang='lat' dir='ltr'>numerus</span> <span class='ocrx_word' id='word_1_121' title='bbox 1047 2137 1120 2187; x_wconf 85' lang='lat' dir='ltr'>cum</span> <span class='ocrx_word' id='word_1_122' title='bbox 1144 2111 1180 2183; x_wconf 88' lang='lat' dir='ltr'>in</span> <span class='ocrx_word' id='word_1_123' title='bbox 1203 2115 1293 2184; x_wconf 79' lang='lat' dir='ltr'>inte-</span> 
     </span>
     <span class='ocr_line' id='line_1_19' title="bbox 244 2213 1133 2300; baseline -0.006 -17"><span class='ocrx_word' id='word_1_124' title='bbox 244 2228 357 2300; x_wconf 29' lang='lat' dir='ltr'>·grum&#39;</span> <span class='ocrx_word' id='word_1_125' title='bbox 374 2217 518 2290; x_wconf 78' lang='lat' dir='ltr'>ducitur:</span> <span class='ocrx_word' id='word_1_126' title='bbox 541 2217 698 2286; x_wconf 81' lang='lat' dir='ltr'>minuitur</span> <span class='ocrx_word' id='word_1_127' title='bbox 719 2217 743 2282; x_wconf 85' lang='lat' dir='ltr'>fi</span> <span class='ocrx_word' id='word_1_128' title='bbox 766 2216 803 2282; x_wconf 90' lang='lat' dir='ltr'>in</span> <span class='ocrx_word' id='word_1_129' title='bbox 827 2213 963 2286; x_wconf 71' lang='lat' dir='ltr'>fradlum</span> <span class='ocrx_word' id='word_1_130' title='bbox 985 2213 1133 2280; x_wconf 80' lang='lat' dir='ltr'>ducatur.</span> 
     </span>
    </p>

    <p class='ocr_par' dir='ltr' id='par_1_5' title="bbox 259 2297 1294 3130">
     <span class='ocr_line' id='line_1_20' title="bbox 314 2297 1293 2398; baseline -0.009 -23"><span class='ocrx_word' id='word_1_131' title='bbox 314 2315 364 2376; x_wconf 81' lang='lat'>16.</span> <span class='ocrx_word' id='word_1_132' title='bbox 386 2307 526 2397; x_wconf 72' lang='lat' dir='ltr'>Singula</span> <span class='ocrx_word' id='word_1_133' title='bbox 548 2331 633 2398; x_wconf 82' lang='lat' dir='ltr'>noue</span> <span class='ocrx_word' id='word_1_134' title='bbox 655 2309 694 2375; x_wconf 91' lang='lat' dir='ltr'>in</span> <span class='ocrx_word' id='word_1_135' title='bbox 715 2307 852 2394; x_wconf 81' lang='lat' dir='ltr'>fingulas</span> <span class='ocrx_word' id='word_1_136' title='bbox 874 2305 967 2373; x_wconf 78' lang='lat' dir='ltr'>facile</span> <span class='ocrx_word' id='word_1_137' title='bbox 989 2307 1167 2375; x_wconf 82' lang='lat' dir='ltr'>ducuntur,</span> <span class='ocrx_word' id='word_1_138' title='bbox 1187 2297 1293 2366; x_wconf 73' lang='lat' dir='ltr'>find·</span> 
     </span>
     <span class='ocr_line' id='line_1_21' title="bbox 262 2390 1291 2479; baseline -0.006 -15"><span class='ocrx_word' id='word_1_139' title='bbox 262 2398 345 2466; x_wconf 88' lang='lat' dir='ltr'>tneti</span> <span class='ocrx_word' id='word_1_140' title='bbox 368 2401 528 2467; x_wconf 82' lang='lat' dir='ltr'>breviores</span> <span class='ocrx_word' id='word_1_141' title='bbox 550 2401 629 2465; x_wconf 81' lang='lat' dir='ltr'>fint.</span> <span class='ocrx_word' id='word_1_142' title='bbox 649 2398 704 2465; x_wconf 79' lang='lat' dir='ltr'>Sic</span> <span class='ocrx_word' id='word_1_143' title='bbox 724 2417 823 2464; x_wconf 89' lang='lat' dir='ltr'>netno</span> <span class='ocrx_word' id='word_1_144' title='bbox 846 2417 917 2463; x_wconf 89' lang='lat' dir='ltr'>non</span> <span class='ocrx_word' id='word_1_145' title='bbox 938 2394 1027 2464; x_wconf 90' lang='lat' dir='ltr'>videt</span> <span class='ocrx_word' id='word_1_146' title='bbox 1051 2413 1067 2479; x_wconf 83' lang='lat'>3</span> <span class='ocrx_word' id='word_1_147' title='bbox 1092 2393 1129 2460; x_wconf 91' lang='lat' dir='ltr'>in</span> <span class='ocrx_word' id='word_1_148' title='bbox 1151 2413 1203 2478; x_wconf 84' lang='lat'>4,</span> <span class='ocrx_word' id='word_1_149' title='bbox 1226 2390 1291 2460; x_wconf 86' lang='lat' dir='ltr'>five</span> 
     </span>
     <span class='ocr_line' id='line_1_22' title="bbox 260 2484 1292 2576; baseline -0.006 -22"><span class='ocrx_word' id='word_1_150' title='bbox 260 2484 357 2574; x_wconf 67' lang='grc' dir='ltr'>μὲι</span> <span class='ocrx_word' id='word_1_151' title='bbox 379 2489 535 2576; x_wconf 79' lang='lat' dir='ltr'>sumptum</span> <span class='ocrx_word' id='word_1_152' title='bbox 562 2507 601 2558; x_wconf 85' lang='lat'>12</span> <span class='ocrx_word' id='word_1_153' title='bbox 624 2487 765 2556; x_wconf 85' lang='lat' dir='ltr'>efficere.</span> <span class='ocrx_word' id='word_1_154' title='bbox 787 2487 823 2555; x_wconf 88' lang='lat' dir='ltr'>Si</span> <span class='ocrx_word' id='word_1_155' title='bbox 842 2505 1051 2564; x_wconf 85' lang='lat' dir='ltr'>numerotum</span> <span class='ocrx_word' id='word_1_156' title='bbox 1083 2485 1160 2553; x_wconf 81' lang='lat' dir='ltr'>alter</span> <span class='ocrx_word' id='word_1_157' title='bbox 1191 2484 1292 2550; x_wconf 85' lang='lat' dir='ltr'>dena-</span> 
     </span>
     <span class='ocr_line' id='line_1_23' title="bbox 260 2577 1291 2668; baseline -0.001 -26"><span class='ocrx_word' id='word_1_158' title='bbox 260 2577 408 2654; x_wconf 27' lang='lat' dir='ltr'>rimant,</span> <span class='ocrx_word' id='word_1_159' title='bbox 429 2579 549 2648; x_wconf 66' lang='lat' dir='ltr'>fastum</span> <span class='ocrx_word' id='word_1_160' title='bbox 573 2603 613 2647; x_wconf 87' lang='lat' dir='ltr'>ex</span> <span class='ocrx_word' id='word_1_161' title='bbox 636 2579 899 2668; x_wconf 83' lang='lat' dir='ltr'>multiplicatione</span> <span class='ocrx_word' id='word_1_162' title='bbox 919 2595 1084 2668; x_wconf 84' lang='lat' dir='ltr'>emergens</span> <span class='ocrx_word' id='word_1_163' title='bbox 1115 2596 1166 2646; x_wconf 87' lang='lat' dir='ltr'>tot</span> <span class='ocrx_word' id='word_1_164' title='bbox 1193 2591 1291 2642; x_wconf 82' lang='lat' dir='ltr'>erunt</span> 
     </span>
     <span class='ocr_line' id='line_1_24' title="bbox 259 2665 1294 2772; baseline 0.002 -38"><span class='ocrx_word' id='word_1_165' title='bbox 259 2668 412 2772; x_wconf 72' lang='lat' dir='ltr'>decades,</span> <span class='ocrx_word' id='word_1_166' title='bbox 434 2691 516 2758; x_wconf 88' lang='lat' dir='ltr'>quot</span> <span class='ocrx_word' id='word_1_167' title='bbox 537 2665 616 2740; x_wconf 81' lang='lat' dir='ltr'>nltet</span> <span class='ocrx_word' id='word_1_168' title='bbox 635 2685 787 2742; x_wconf 79' lang='lat' dir='ltr'>numerus</span> <span class='ocrx_word' id='word_1_169' title='bbox 806 2673 901 2740; x_wconf 85' lang='lat' dir='ltr'>habet</span> <span class='ocrx_word' id='word_1_170' title='bbox 919 2671 1085 2746; x_wconf 63' lang='lat' dir='ltr'>unitatest</span> <span class='ocrx_word' id='word_1_171' title='bbox 1117 2667 1194 2736; x_wconf 84' lang='lat' dir='ltr'>at&#39;ii</span> <span class='ocrx_word' id='word_1_172' title='bbox 1216 2665 1294 2754; x_wconf 89' lang='lat' dir='ltr'>qni·</span> 
     </span>
     <span class='ocr_line' id='line_1_25' title="bbox 260 2757 1294 2864; baseline 0 -38"><span class='ocrx_word' id='word_1_173' title='bbox 260 2775 382 2864; x_wconf 49' lang='lat' dir='ltr'>nartus&#39;</span> <span class='ocrx_word' id='word_1_174' title='bbox 395 2759 507 2840; x_wconf 81' lang='lat' dir='ltr'>suerit,</span> <span class='ocrx_word' id='word_1_175' title='bbox 531 2783 694 2834; x_wconf 84' lang='lat' dir='ltr'>tuterunt</span> <span class='ocrx_word' id='word_1_176' title='bbox 715 2767 846 2833; x_wconf 86' lang='lat' dir='ltr'>decades</span> <span class='ocrx_word' id='word_1_177' title='bbox 869 2763 1027 2832; x_wconf 63' lang='lat' dir='ltr'>sumenda·</span> <span class='ocrx_word' id='word_1_178' title='bbox 1043 2797 1060 2837; x_wconf 86' lang='lat'>‚-</span> <span class='ocrx_word' id='word_1_179' title='bbox 1078 2779 1160 2848; x_wconf 91' lang='lat' dir='ltr'>quot</span> <span class='ocrx_word' id='word_1_180' title='bbox 1180 2757 1216 2824; x_wconf 90' lang='lat' dir='ltr'>in</span> <span class='ocrx_word' id='word_1_181' title='bbox 1245 2757 1294 2826; x_wconf 86' lang='lat' dir='ltr'>al·</span> 
     </span>
     <span class='ocr_line' id='line_1_26' title="bbox 261 2852 1287 2942; baseline 0.002 -25"><span class='ocrx_word' id='word_1_182' title='bbox 261 2865 361 2918; x_wconf 88' lang='lat' dir='ltr'>tenus</span> <span class='ocrx_word' id='word_1_183' title='bbox 382 2852 520 2922; x_wconf 84' lang='lat' dir='ltr'>dimidio</span> <span class='ocrx_word' id='word_1_184' title='bbox 543 2855 615 2924; x_wconf 90' lang='lat' dir='ltr'>sunt</span> <span class='ocrx_word' id='word_1_185' title='bbox 636 2857 791 2926; x_wconf 77' lang='lat' dir='ltr'>unitates:</span> <span class='ocrx_word' id='word_1_186' title='bbox 814 2854 988 2926; x_wconf 87' lang='lat' dir='ltr'>demumst</span> <span class='ocrx_word' id='word_1_187' title='bbox 1011 2871 1142 2942; x_wconf 88' lang='lat' dir='ltr'>uterque</span> <span class='ocrx_word' id='word_1_188' title='bbox 1169 2865 1287 2919; x_wconf 85' lang='lat' dir='ltr'>numt-</span> 
     </span>
     <span class='ocr_line' id='line_1_27' title="bbox 259 2939 1294 3032; baseline -0.006 -15"><span class='ocrx_word' id='word_1_189' title='bbox 259 2956 316 3017; x_wconf 68' lang='lat' dir='ltr'>!le</span> <span class='ocrx_word' id='word_1_190' title='bbox 335 2944 488 3032; x_wconf 83' lang='lat' dir='ltr'>quinario</span> <span class='ocrx_word' id='word_1_191' title='bbox 508 2949 611 3031; x_wconf 83' lang='lat' dir='ltr'>major</span> <span class='ocrx_word' id='word_1_192' title='bbox 633 2941 689 3024; x_wconf 82' lang='lat' dir='ltr'>stt,¹</span> <span class='ocrx_word' id='word_1_193' title='bbox 712 2947 747 3014; x_wconf 90' lang='lat' dir='ltr'>in</span> <span class='ocrx_word' id='word_1_194' title='bbox 770 2939 866 3017; x_wconf 80' lang='lat' dir='ltr'>al&#39;tera</span> <span class='ocrx_word' id='word_1_195' title='bbox 888 2969 988 3016; x_wconf 82' lang='lat' dir='ltr'>manu</span> <span class='ocrx_word' id='word_1_196' title='bbox 1011 2987 1021 3023; x_wconf 84' lang='lat'>,</span> <span class='ocrx_word' id='word_1_197' title='bbox 1043 2941 1174 3032; x_wconf 79' lang='lat' dir='ltr'>reliquis</span> <span class='ocrx_word' id='word_1_198' title='bbox 1197 2953 1294 3011; x_wconf 85' lang='lat' dir='ltr'>com-&#39;</span> 
     </span>
     <span class='ocr_line' id='line_1_28' title="bbox 259 3035 1287 3130; baseline 0.001 -28"><span class='ocrx_word' id='word_1_199' title='bbox 259 3035 386 3120; x_wconf 71' lang='lat' dir='ltr'>psellus,</span> <span class='ocrx_word' id='word_1_200' title='bbox 409 3055 459 3106; x_wconf 91' lang='lat' dir='ltr'>tot</span> <span class='ocrx_word' id='word_1_201' title='bbox 479 3038 571 3128; x_wconf 81' lang='lat' dir='ltr'>digiti</span> <span class='ocrx_word' id='word_1_202' title='bbox 591 3039 772 3128; x_wconf 86' lang='lat' dir='ltr'>erigantur,</span> <span class='ocrx_word' id='word_1_203' title='bbox 793 3061 874 3130; x_wconf 91' lang='lat' dir='ltr'>quot</span> <span class='ocrx_word' id='word_1_204' title='bbox 902 3040 978 3108; x_wconf 86' lang='lat' dir='ltr'>alter</span> <span class='ocrx_word' id='word_1_205' title='bbox 1008 3055 1159 3128; x_wconf 80' lang='lat' dir='ltr'>numerus</span> <span class='ocrx_word' id='word_1_206' title='bbox 1189 3035 1287 3103; x_wconf 76' lang='lat' dir='ltr'>habet</span> 
     </span>
    </p>
   </div>
   <div class='ocr_carea' id='block_1_5' title="bbox 111 3125 1286 3222">
    <p class='ocr_par' dir='ltr' id='par_1_6' title="bbox 111 3125 1286 3222">
     <span class='ocr_line' id='line_1_29' title="bbox 111 3125 1286 3222; baseline 0.001 -27"><span class='ocrx_word' id='word_1_207' title='bbox 111 3129 114 3134; x_wconf 77' lang='grc'>’</span> <span class='ocrx_word' id='word_1_208' title='bbox 221 3179 222 3182; x_wconf 63' lang='lat'>,</span> <span class='ocrx_word' id='word_1_209' title='bbox 259 3125 401 3198; x_wconf 76' lang='lat' dir='ltr'>mitatet</span> <span class='ocrx_word' id='word_1_210' title='bbox 420 3129 510 3219; x_wconf 82' lang='lat' dir='ltr'>supra</span> <span class='ocrx_word' id='word_1_211' title='bbox 529 3131 732 3220; x_wconf 83' lang='lat' dir='ltr'>quinarium,</span> <span class='ocrx_word' id='word_1_212' title='bbox 754 3129 892 3222; x_wconf 85' lang='lat' dir='ltr'>itemque</span> <span class='ocrx_word' id='word_1_213' title='bbox 914 3131 951 3197; x_wconf 87' lang='lat' dir='ltr'>in</span> <span class='ocrx_word' id='word_1_214' title='bbox 983 3128 1080 3198; x_wconf 80' lang='lat' dir='ltr'>altem</span> <span class='ocrx_word' id='word_1_215' title='bbox 1111 3147 1212 3196; x_wconf 88' lang='lat' dir='ltr'>manu</span> <span class='ocrx_word' id='word_1_216' title='bbox 1234 3147 1286 3196; x_wconf 90' lang='lat' dir='ltr'>tot</span> 
     </span>
    </p>
   </div>
   <div class='ocr_carea' id='block_1_6' title="bbox 257 3215 1286 3587">
    <p class='ocr_par' dir='ltr' id='par_1_7' title="bbox 257 3215 1286 3587">
     <span class='ocr_line' id='line_1_30' title="bbox 258 3215 1285 3323; baseline -0.004 -31"><span class='ocrx_word' id='word_1_217' title='bbox 258 3215 441 3323; x_wconf 64' lang='lat' dir='ltr'>erigantur,</span> <span class='ocrx_word' id='word_1_218' title='bbox 463 3245 544 3312; x_wconf 87' lang='lat' dir='ltr'>quot</span> <span class='ocrx_word' id='word_1_219' title='bbox 566 3226 740 3293; x_wconf 85' lang='lat' dir='ltr'>unitatibus</span> <span class='ocrx_word' id='word_1_220' title='bbox 762 3227 839 3294; x_wconf 86' lang='lat' dir='ltr'>alter</span> <span class='ocrx_word' id='word_1_221' title='bbox 860 3241 1010 3292; x_wconf 88' lang='lat' dir='ltr'>numerus</span> <span class='ocrx_word' id='word_1_222' title='bbox 1032 3220 1219 3310; x_wconf 83' lang='lat' dir='ltr'>quittariutn</span> <span class='ocrx_word' id='word_1_223' title='bbox 1228 3241 1285 3288; x_wconf 80' lang='lat' dir='ltr'>ex-</span> 
     </span>
     <span class='ocr_line' id='line_1_31' title="bbox 257 3307 1286 3414; baseline 0.004 -40"><span class='ocrx_word' id='word_1_224' title='bbox 257 3313 359 3414; x_wconf 65' lang='lat' dir='ltr'>cgdtt.</span> <span class='ocrx_word' id='word_1_225' title='bbox 381 3307 467 3383; x_wconf 81' lang='lat' dir='ltr'>Ttitn</span> <span class='ocrx_word' id='word_1_226' title='bbox 491 3311 567 3386; x_wconf 75' lang='lat' dir='ltr'>verit</span> <span class='ocrx_word' id='word_1_227' title='bbox 590 3337 638 3384; x_wconf 91' lang='lat' dir='ltr'>tot</span> <span class='ocrx_word' id='word_1_228' title='bbox 659 3318 791 3386; x_wconf 84' lang='lat' dir='ltr'>decades</span> <span class='ocrx_word' id='word_1_229' title='bbox 811 3318 975 3384; x_wconf 77' lang='lat' dir='ltr'>sumuntur</span> <span class='ocrx_word' id='word_1_230' title='bbox 996 3335 1076 3404; x_wconf 93' lang='lat' dir='ltr'>quot</span> <span class='ocrx_word' id='word_1_231' title='bbox 1097 3315 1169 3382; x_wconf 83' lang='lat' dir='ltr'>sunt</span> <span class='ocrx_word' id='word_1_232' title='bbox 1185 3311 1286 3380; x_wconf 74' lang='lat' dir='ltr'>eredli</span> 
     </span>
     <span class='ocr_line' id='line_1_32' title="bbox 258 3399 1285 3506; baseline 0.001 -36"><span class='ocrx_word' id='word_1_233' title='bbox 258 3399 378 3506; x_wconf 53' lang='lat' dir='ltr'>digni,</span> <span class='ocrx_word' id='word_1_234' title='bbox 406 3399 507 3498; x_wconf 77' lang='lat' dir='ltr'>iisque</span> <span class='ocrx_word' id='word_1_235' title='bbox 539 3407 705 3496; x_wconf 82' lang='lat' dir='ltr'>adjiciatur</span> <span class='ocrx_word' id='word_1_236' title='bbox 727 3409 815 3496; x_wconf 89' lang='lat' dir='ltr'>quod</span> <span class='ocrx_word' id='word_1_237' title='bbox 838 3406 944 3494; x_wconf 89' lang='lat' dir='ltr'>prodit</span> <span class='ocrx_word' id='word_1_238' title='bbox 964 3407 1105 3475; x_wconf 90' lang='lat' dir='ltr'>invicem</span> <span class='ocrx_word' id='word_1_239' title='bbox 1136 3407 1285 3473; x_wconf 87' lang='lat' dir='ltr'>ducendo</span> 
     </span>
     <span class='ocr_line' id='line_1_33' title="bbox 257 3491 1285 3587; baseline 0.008 -31"><span class='ocrx_word' id='word_1_240' title='bbox 257 3491 376 3577; x_wconf 85' lang='lat' dir='ltr'>dtgttos</span> <span class='ocrx_word' id='word_1_241' title='bbox 397 3496 434 3564; x_wconf 91' lang='lat' dir='ltr'>in</span> <span class='ocrx_word' id='word_1_242' title='bbox 456 3517 589 3587; x_wconf 85' lang='lat' dir='ltr'>utraque</span> <span class='ocrx_word' id='word_1_243' title='bbox 611 3523 712 3568; x_wconf 89' lang='lat' dir='ltr'>manu</span> <span class='ocrx_word' id='word_1_244' title='bbox 733 3500 942 3586; x_wconf 73' lang='lat' dir='ltr'>compressos,</span> <span class='ocrx_word' id='word_1_245' title='bbox 959 3519 1059 3586; x_wconf 68' lang='lat' dir='ltr'>‘atque</span> <span class='ocrx_word' id='word_1_246' title='bbox 1084 3499 1131 3565; x_wconf 86' lang='lat' dir='ltr'>ita</span> <span class='ocrx_word' id='word_1_247' title='bbox 1152 3497 1285 3565; x_wconf 81' lang='lat' dir='ltr'>habebis</span> 
     </span>
    </p>
   </div>
   <div class='ocr_carea' id='block_1_7' title="bbox 96 3577 1284 3686">
    <p class='ocr_par' dir='ltr' id='par_1_8' title="bbox 96 3577 1284 3686">
     <span class='ocr_line' id='line_1_34' title="bbox 96 3577 1284 3686; baseline -0.006 -23"><span class='ocrx_word' id='word_1_248' title='bbox 96 3679 101 3686; x_wconf 30' lang='grc' dir='ltr'>Ι</span> <span class='ocrx_word' id='word_1_249' title='bbox 206 3625 208 3627; x_wconf 92' lang='grc'>-</span> <span class='ocrx_word' id='word_1_250' title='bbox 249 3577 381 3656; x_wconf 62' lang='lat' dir='ltr'>-fatstum</span> <span class='ocrx_word' id='word_1_251' title='bbox 401 3609 441 3658; x_wconf 85' lang='lat' dir='ltr'>ex</span> <span class='ocrx_word' id='word_1_252' title='bbox 462 3589 622 3680; x_wconf 86' lang='lat' dir='ltr'>utriusque</span> <span class='ocrx_word' id='word_1_253' title='bbox 645 3591 713 3660; x_wconf 84' lang='lat' dir='ltr'>dati</span> <span class='ocrx_word' id='word_1_254' title='bbox 735 3593 860 3660; x_wconf 88' lang='lat' dir='ltr'>numeri</span> <span class='ocrx_word' id='word_1_255' title='bbox 882 3589 1166 3680; x_wconf 83' lang='lat' dir='ltr'>multiplicatione.</span> <span class='ocrx_word' id='word_1_256' title='bbox 1189 3588 1284 3656; x_wconf 74' lang='lat' dir='ltr'>steti</span> 
     </span>
    </p>
   </div>
   <div class='ocr_carea' id='block_1_8' title="bbox 256 3674 1283 3772">
    <p class='ocr_par' dir='ltr' id='par_1_9' title="bbox 256 3674 1283 3772">
     <span class='ocr_line' id='line_1_35' title="bbox 256 3674 1283 3772; baseline 0.008 -32"><span class='ocrx_word' id='word_1_257' title='bbox 256 3674 368 3746; x_wconf 76' lang='lat' dir='ltr'>dudem</span> <span class='ocrx_word' id='word_1_258' title='bbox 390 3701 534 3769; x_wconf 83' lang='lat' dir='ltr'>oporteat</span> <span class='ocrx_word' id='word_1_259' title='bbox 556 3703 579 3767; x_wconf 81' lang='lat'>7</span> <span class='ocrx_word' id='word_1_260' title='bbox 602 3683 638 3750; x_wconf 90' lang='lat' dir='ltr'>in</span> <span class='ocrx_word' id='word_1_261' title='bbox 662 3707 712 3764; x_wconf 89' lang='lat'>9,</span> <span class='ocrx_word' id='word_1_262' title='bbox 742 3704 836 3754; x_wconf 90' lang='lat' dir='ltr'>erunt</span> <span class='ocrx_word' id='word_1_263' title='bbox 864 3682 964 3752; x_wconf 78' lang='lat' dir='ltr'>eredli</span> <span class='ocrx_word' id='word_1_264' title='bbox 995 3684 1090 3772; x_wconf 86' lang='lat' dir='ltr'>digiti</span> <span class='ocrx_word' id='word_1_265' title='bbox 1106 3683 1156 3748; x_wconf 85' lang='lat' dir='ltr'>in</span> <span class='ocrx_word' id='word_1_266' title='bbox 1183 3680 1283 3749; x_wconf 81' lang='lat' dir='ltr'>altera</span> 
     </span>
    </p>
   </div>
   <div class='ocr_carea' id='block_1_9' title="bbox 253 3766 1282 3934">
    <p class='ocr_par' dir='ltr' id='par_1_10' title="bbox 253 3766 1282 3934">
     <span class='ocr_line' id='line_1_36' title="bbox 253 3766 1282 3934; baseline -0.013 -80"><span class='ocrx_word' id='word_1_267' title='bbox 253 3766 385 3890; x_wconf 68' lang='lat' dir='ltr'>quidem</span> <span class='ocrx_word' id='word_1_268' title='bbox 406 3795 507 3845; x_wconf 83' lang='lat' dir='ltr'>manu</span> <span class='ocrx_word' id='word_1_269' title='bbox 529 3795 569 3854; x_wconf 80' lang='lat' dir='ltr'>a,</span> <span class='ocrx_word' id='word_1_270' title='bbox 591 3774 629 3844; x_wconf 92' lang='lat' dir='ltr'>in</span> <span class='ocrx_word' id='word_1_271' title='bbox 653 3776 750 3852; x_wconf 79' lang='lat' dir='ltr'>altera</span> <span class='ocrx_word' id='word_1_272' title='bbox 769 3800 816 3910; x_wconf 53' lang='lat'>72</span> <span class='ocrx_word' id='word_1_273' title='bbox 838 3778 988 3856; x_wconf 69' lang='lat' dir='ltr'>undeser</span> <span class='ocrx_word' id='word_1_274' title='bbox 1003 3779 1136 3850; x_wconf 76' lang='lat' dir='ltr'>decedes</span> <span class='ocrx_word' id='word_1_275' title='bbox 1152 3773 1282 3934; x_wconf 49' lang='lat' dir='ltr'>suanaeen·</span> 
     </span>
    </p>
   </div>
   <div class='ocr_carea' id='block_1_10' title="bbox 0 0 1316 4212">
    <p class='ocr_par' dir='ltr' id='par_1_11' title="bbox 0 0 1316 4212">
     <span class='ocr_line' id='line_1_37' title="bbox 0 0 1316 4212; baseline 0 4"><span class='ocrx_word' id='word_1_276' title='bbox 0 0 1316 4212; x_wconf 95' lang='lat' dir='ltr'> </span> 
     </span>
    </p>
   </div>
  </div>
 </body>
</html>
