2624 4212
1227 149 1230 156 ⁴
1279 146 1280 196 l

265 246 317 318 ἡ
479 221 928 312 ’ἘῑΕΜΕΝΤΑ
1279 235 1282 342 l

227 339 339 408 mntem
359 338 398 407 in
418 333 608 410 infinituma-
621 332 706 422 cujus
723 331 851 412 termini
867 331 963 402 serius
980 329 1068 400 ocius
1083 331 1186 401 iidem
1203 335 1258 402 tsi

225 431 343 508 deant,
362 447 541 514 numquam
563 443 671 494 tamen
691 423 806 501 serius,
828 445 925 514 quam
945 423 1011 512 poll
1035 425 1174 494 totidem
1193 442 1258 492 ter·

228 520 355 597 minos,
374 531 458 606 quot
477 516 862 602 habetdivisoruuitares.
888 517 927 584 ln
949 515 1013 582 hoc
1033 517 1106 586 c'esu
1128 517 1257 602 produ-

130 693 132 698 ,
227 610 310 681 citur
331 611 472 686 divisro,
497 613 601 678 donec
622 607 714 676 valor
742 602 922 680 obtineatur
939 628 1011 676 tarn
1033 627 1110 678 vero
1141 606 1257 694 proxi·

222 721 318 778 mus,
341 719 500 790 quantum
518 699 669 790 quaestio,
689 701 729 770 dc
750 721 815 787 qua
838 700 960 788 agitur,
982 699 1140 788 requiret.

276 811 330 880 30.
352 793 439 865 Cum
459 792 586 862 numeri
608 791 771 878 longiores
792 791 882 868 sunt,
903 790 1012 860 omnis
1035 787 1254 862 diffindtmin
1285 847 1288 874 ,

225 896 270 953 ro
292 884 349 954 fita
369 884 441 1000 esp
472 887 562 971 quod
582 907 652 950 non
674 883 748 952 saris
770 901 898 968 pateat,
919 881 1046 970 quoties
1067 881 1193 950 divisor
1217 877 1254 948 in
1286 887 1289 950 l

227 973 385 1064 assumptis
406 975 572 1044 dividendi
594 974 681 1042 notis
702 973 930 1042 contineatur.
953 973 1025 1064 Qui
1057 972 1129 1042 satis
1154 971 1254 1041 fucrit
1287 995 1290 1058 χ

197 1111 200 1115 -
226 1063 266 1131 iu
287 1065 440 1154 ejusmodi
462 1066 590 1136 calculis
610 1066 797 1134 exercitatus
822 1063 912 1132 facilc
935 1065 1054 1132 videbit
1074 1087 1114 1132 ex
1136 1062 1255 1150 primis
1289 1063 1291 1140 l

227 1153 301 1241 ipfis
322 1155 485 1246 utriusque
503 1159 630 1227 numeri
652 1156 755 1232 notis,
772 1155 898 1256 quotiga
918 1177 1000 1226 unus
1017 1154 1252 1228 sumendussrt‚
1289 1155 1292 1242 ξ

229 1267 267 1316 ut
289 1247 388 1318 altero
409 1253 464 1318 fiat
484 1244 628 1337 proxirnd
651 1245 786 1323 minoen
810 1266 842 1312 at
863 1245 920 1332 qui
951 1247 1007 1316 usu
1026 1266 1132 1316 carcat
1154 1241 1252 1314 facire
1291 1245 1293 1320 ζ

229 1337 269 1406 in
289 1361 330 1407 eo
351 1341 538 1427 decipiemr.
560 1336 676 1408 Tutius
697 1339 838 1413 incedet,
862 1337 885 1402 sr
908 1335 1097 1408 divisionem
1130 1325 1254 1427 aggres-

162 1438 163 1442 ’
230 1428 320 1498 surus
339 1446 411 1498 eam
433 1432 536 1516 prius,
556 1450 656 1514 quam
678 1429 794 1494 scalam
815 1448 958 1505 vocant,
981 1431 1037 1498 fibi
1060 1430 1253 1500 confecerit.

230 1519 365 1588 Divisor
385 1541 496 1608 nempe
527 1537 581 1608 per
603 1538 754 1588 numeros
775 1537 887 1588 omnes
919 1522 958 1588 ab
985 1542 999 1589 1
1026 1525 1065 1590 ad
1087 1545 1109 1600 9
1139 1520 1254 1588 multi·-

231 1609 479 1697 pritannium,
502 1609 673 1697 omnesque
695 1607 840 1698 producli
864 1633 903 1679 ex
926 1635 965 1680 ea
985 1610 1254 1696 multiplicatione

228 1703 358 1773 numeri
379 1703 509 1773 divisori
529 1717 569 1772 er
591 1703 704 1772 ordine
726 1701 923 1790 subiiciendi,
947 1722 982 1772 ut
1003 1702 1106 1770 inEx.
1128 1716 1186 1789 140
1201 1701 1254 1770 fa·

226 1791 319 1863 stum
340 1794 401 1872 est5
424 1798 486 1862 ho‘c
508 1794 705 1880 enim-pasto
726 1795 825 1861 srhos
840 1809 1158 1882 numeroscomparee
1173 1811 1250 1860 cum

229 1885 396 1954 dividendi
416 1887 522 1964 notis,
545 1886 716 1972 inquibus
737 1885 926 1956 divisoncm
948 1885 1108 1962 instituis,
1139 1881 1247 1962 [latim

228 1975 351 2046 videbis
372 1977 506 2064 quinam
536 1994 574 2046 ex
597 1973 663 2044 illis
688 1975 724 2045 srt
753 1977 897 2062 proxime
918 1977 1055 2046 minor:
1087 1996 1186 2063 pones
1206 1973 1245 2040 in

226 2087 330 2156 quoto
353 2089 550 2147 numerum,
580 2068 617 2138 in
637 2089 735 2157 quern
765 2065 878 2136 durrus
899 2069 1015 2138 divisor
1046 2087 1118 2139 earn
1148 2063 1246 2135 efficit

227 2160 457 2319 quatsrtitatem,
479 2163 690 2252 quantitatem
710 2179 787 2232 vero
809 2157 908 2248 ipsam
930 2185 970 2230 en
992 2156 1155 2232 dividendi
1185 2179 1245 2226 no·

98 2252 100 2260 ’
227 2253 269 2321 ris
307 2255 457 2326 ubduces.
603 2255 608 2262 '
1048 2293 1051 2298 ·

275 2364 329 2432 31.
352 2349 473 2416 Verum
494 2372 533 2416 ea
554 2364 603 2414 res
625 2350 797 2414 admodum
819 2335 951 2412 molesla
966 2337 1100 2420 accidit,
1122 2348 1160 2414 &
1177 2336 1246 2410 ani·

227 2455 299 2504 mus
320 2433 547 2522 defatigatione
569 2433 671 2504 vidlus
693 2431 932 2519 faciliusrqu'am
953 2431 1038 2503 credi
1068 2433 1161 2521 possit
1184 2435 1247 2502 im*

137 2600 140 2612 A
227 2526 338 2612 pinget
359 2526 414 2592 ubi
436 2524 629 2610 ceteroquin
637 2523 727 2594 nulla
748 2526 791 2593 est
808 2521 993 2594 difficultas.
1015 2525 1128 2620 Quare
1148 2519 1246 2594 iobis

225 2615 393 2704 pracsertim
424 2614 541 2682 casibus
573 2615 764 2700 Neperianis
791 2615 926 2684 lamellis
956 2618 1003 2686 uti
1026 2618 1172 2707 praestat.
1202 2619 1244 2686 ln

225 2706 287 2779 Ex.
314 2716 371 2792 15⁰
385 2703 486 2791 (Tab.
510 2702 561 2786 2.)
584 2705 712 2774 tabellas
732 2707 847 2796 selige,
868 2713 903 2778 δε
925 2708 1055 2796 dispone
1078 2731 1115 2778 ut
1134 2728 1243 2778 earum

145 2878 150 2892 ,
225 2793 391 2868 bifronte
413 2797 741 2874 ‘numeriexbibe'ant
769 2797 942 2869 divisorem
965 2808 1091 2890 37895.
1117 2801 1242 2872 Deinde

224 2887 353 2959 resedlis
376 2893 415 2956 ad
438 2892 598 2958 dexteram
620 2891 782 2958 dividendi
813 2892 926 2969 notis,
955 2894 1069 2980 quibus
1093 2911 1244 2962 nurnerur

223 2982 281 3050 fiat
302 2977 434 3048 divisori
456 2995 529 3067 par,
552 2978 604 3049 vel
623 2983 736 3050 eodem
757 2983 900 3069 proxime
923 2984 1053 3072 major,
1081 3005 1184 3076 quaere
1204 2982 1240 3053 in

120 3100 124 3107 ¹
224 3068 424 3142 lamellarum
446 3071 641 3169 ordinibus,
668 3093 837 3144 nunertun
858 3085 970 3161 94076
991 3115 1003 3152 ‚
1027 3075 1078 3144 vel
1099 3077 1239 3166 proxim

224 3164 405 3242 minorem,
427 3165 523 3251 probe
544 3163 799 3236 animadvertens
818 3167 908 3254 quod
928 3165 1087 3244 diximus,
1109 3169 1168 3244 hos
1184 3189 1244 3240 nu·

224 3274 333 3324 meros
352 3258 388 3324 in
417 3253 555 3324 lamellis
574 3255 620 3324 ita
647 3255 799 3359 legendos
819 3278 856 3327 ut
885 3257 943 3344 qui
963 3261 1080 3350 eodem
1104 3261 1242 3345 rhombo

223 3344 429 3418 includuntur
450 3345 486 3414 in
508 3368 607 3416 unam
626 3348 785 3418 summam
805 3348 1015 3435 colligantur,
1037 3351 1194 3428 denaris,
1214 3353 1240 3426 si

224 3457 294 3525 quae
315 3440 502 3516 occurrunt,
522 3439 558 3506 in
582 3441 753 3510 antenorea
774 3460 870 3510 noras
890 3442 929 3510 de
951 3462 1042 3512 more
1066 3443 1241 3514 translatis·

224 3529 371 3602 luvenles
391 3532 453 3598 hoc
473 3525 570 3618 padio
589 3530 625 3598 in
646 3533 759 3601 ordine
766 3533 903 3602 secundo
923 3553 1092 3604 numerum
1101 3535 1242 3621 proxime

225 3620 384 3691 minorem
405 3621 566 3710 predidlo,
589 3641 720 3708 757902
741 3623 837 3694 scribe
858 3643 935 3713 ergo
959 3651 980 3694 a
1002 3625 1037 3714 in
1059 3647 1183 3716 quoto,
1198 3633 1239 3700 ,be

225 3717 330 3798 „dendo
338 3713 499 3795 subtrahet
514 3713 637 3794 renum
647 3715 743 3808 adijce
751 3733 927 3810 nuperum
944 3717 1112 3816 inventum
1135 3740 1155 3784 a
1172 3719 1245 3824 divi,
1282 3777 1285 3782 .

374 3875 379 3882 ·
1092 3827 1198 3906 dou.
