2624 4212
280 229 842 318 ‘ARITHMENCAE
980 241 1028 324 b?

41 325 105 408 bus
128 335 166 406 in
187 337 333 424 eumdem
356 339 488 404 ducatur
496 341 663 402 numerum
681 331 804 406 fartum
824 335 942 404 dieitur
960 355 1076 422 poten«

45 429 94 497 tia
111 449 244 518 quarta.
267 428 303 497 Si
326 430 393 496 hae
414 427 531 495 iterum
550 427 683 494 ducatur
713 427 750 495 in
787 430 935 496 eumdem
956 449 1076 495 nume-

44 527 146 600 rum,
171 519 290 590 radium
313 521 376 590 erit
396 519 537 607 potentia
552 517 684 605 quinta,
705 521 881 607 eodemque
905 520 1005 587 modo
1028 519 1073 586 se·

49 629 131 689 arta,
157 613 286 700 septima
308 617 372 682 &a
393 611 529 698 ejusdem
546 609 674 678 numeri
707 613 856 699 potentia
875 611 1070 698 gignuntur.
1153 647 1155 654 s

27 701 106 770 -sic
132 725 148 792 3
173 706 216 774 est
239 706 287 772 sui
309 704 403 792 ipfius
423 703 565 788 potentia
581 701 703 790 prima,
724 725 746 782 9
771 702 925 778 secunda,
948 725 991 785 27
1009 717 1070 769 ter-

13 793 118 873 -ria,
138 800 180 866 81
204 817 338 884 quarta,
363 815 426 882 t43
451 793 584 882 quinta,
607 798 642 864 δι
658 795 702 862 fic
720 795 886 882 deinceps.

29 943 32 954 .
95 905 151 972 51.
173 885 350 960 Contraria
370 887 491 973 prorsus
513 885 637 954 ratione
672 901 688 974 3
722 886 836 954 dieitur
868 886 959 954 radix
989 911 1069 975 qua-

29 969 157 1056 drmit,
180 1001 236 1049 aut
257 979 410 1056 secunda,
433 976 646 1046 fivestneullo
670 979 779 1046 addito
799 973 889 1056 radia
900 979 1026 1046 numeri
1035 1003 1069 1058 9,

43 1071 142 1138 radix
164 1071 272 1140 cubica
297 1092 350 1140 aur
371 1071 463 1141 tertia
482 1068 610 1140 numeri
634 1087 702 1156 27,
726 1069 836 1140 Radix
867 1088 982 1155 quatra
1004 1076 1069 1150 81,

40 1160 165 1248 quinta
182 1184 243 1251 243
268 1169 332 1232 &a
994 1209 995 1216 κ

94 1271 152 1338 ςιι
172 1255 250 1324 Dati
272 1253 399 1324 numeri
420 1249 593 1338 potentiam
616 1251 790 1340 quamlibet
811 1251 956 1322 invenire
981 1252 1072 1324 facil«

39 1340 163 1412 limum
183 1346 228 1413 est
249 1369 309 1433 ope
332 1342 607 1429 multiplicationis
624 1366 635 1423 3
659 1363 692 1412 at
712 1343 849 1413 radicem
882 1343 1069 1436 investigare

37 1433 144 1526 longe
165 1437 344 1506 difficilium
367 1435 470 1502 immo
491 1435 611 1504 infiniti
634 1433 872 1504 numerinullas
895 1437 1069 1507 habentta-

7 1533 8 1538 ’
43 1525 135 1595 dices
155 1549 264 1604 veras,
285 1535 364 1616 quas
386 1525 631 1596 numetisliceat
651 1527 843 1615 exprimere,
867 1527 1071 1600 sedrantum-

43 1621 146 1686 modo
169 1620 252 1689 veris
273 1619 455 1707 proximas,
477 1639 549 1709 quae
572 1620 690 1688 scilicet
721 1619 919 1688 fradrionum
940 1644 1000 1707 ope
1025 1625 1073 1688 ad

40 1729 136 1778 veras
157 1733 313 1799 quantum
334 1711 461 1782 libuerit
484 1712 651 1789 accedant,
672 1712 751 1800 quin
773 1709 906 1798 usquam
930 1715 969 1778 ad
992 1730 1067 1780 exa·

44 1797 134 1872 &un
156 1806 341 1873 earumdem
361 1803 504 1873 valorem
512 1805 707 1892 pertingant.
730 1801 937 1890 Sicpotentia
959 1802 1069 1873 seeun-

41 1892 88 1960 da
107 1893 224 1962 binarii
246 1895 339 1984 est4‚
361 1896 492 1964 ternarii
514 1893 557 1962 est
580 1917 623 1974 9,
644 1900 786 1985 adeoque
804 1894 949 1982 Radir4
970 1895 1065 1973 esta,

39 1984 141 2050 radix
162 1985 243 2066 9est
268 2008 308 2073 3:
329 1988 382 2055 sed
402 1985 509 2055 nullus
539 2005 687 2056 numerus
709 1988 791 2057 inser
821 1993 904 2074 4&
936 2009 957 2066 9
982 1990 1068 2054 radi.

38 2093 119 2140 cem
140 2073 233 2143 habet
253 2077 399 2144 exadtam
419 2077 455 2144 in¹
477 2078 619 2146 numeris
640 2079 692 2146 vel
713 2079 843 2165 integris
857 2077 916 2146 'vel
939 2077 1066 2154 itastis.
1163 2071 1167 2081 ¹

41 2163 132 2234 Non
154 2165 191 2231 in
206 2168 349 2234 numeris
369 2166 500 2252 integris
522 2169 599 2248 quia
630 2170 732 2251 major
762 2171 822 2235 effe
845 2171 936 2234 debet
966 2191 1065 2255 quarn

32 2279 90 2333 -2,
111 2255 224 2323 minor
245 2271 343 2345 quam
368 2278 406 2341 3³
428 2275 499 2322 non
522 2255 558 2320 in
582 2253 750 2323 fradbisvel
771 2256 809 2320 in
832 2255 1066 2344 integrisstmul

40 2365 116 2414 eum
138 2345 265 2425 fradiisa
288 2349 367 2434 quia
387 2365 537 2416 numerus
561 2343 703 2423 stadius,
735 2343 787 2414 vel
809 2347 999 2433 composttus
1021 2369 1062 2416 ex

39 2437 170 2595 isntegro
192 2445 228 2510 δε
252 2439 375 2516 narso,
397 2439 434 2506 in
455 2438 515 2506 suo
534 2439 691 2526 quadrato
714 2435 1062 2527 frastionemaliquatn

55 2549 160 2617 emper
180 2533 289 2601 habet.
494 2593 501 2603 ,
806 2555 810 2560 ·
1087 2613 1094 2620 Ν

93 2637 147 2710 53.
168 2623 306 2693 Radices
327 2626 486 2694 extrahere
508 2623 644 2694 dicimur
665 2643 739 2693 eum
760 2621 915 2715 ejusmodi
937 2624 1061 2695 radices

45 2735 154 2791 veras,
177 2715 228 2784 vel
249 2717 336 2785 veris.
352 2719 511 2803 proximas
532 2716 772 2805 investigamus.
795 2718 986 2785 Methodum
1009 2719 1062 2785 hic

46 2805 190 2874 dabimus
210 2809 387 2895 expeditam
410 2811 450 2875 ad
467 2806 586 2874 radices
602 2811 771 2894 quadratas
780 2808 1008 2884 extrahendas,
1025 2812 1072 2877 da

49 2896 213 2967 altioribus
235 2900 374 2969 dicemus
395 2900 432 2968 in
456 2897 655 2966 arithmetica
678 2898 830 2985 speciosa,
854 2899 909 2968 ubi
943 2901 1065 2968 formu-

41 2987 85 3055 1ae
108 2989 285 3078 aigebtaiea
308 2993 405 3080 ipsam
429 2991 521 3078 hujus
542 2990 735 3077 operationis
775 2990 933 3060 rationem
966 2991 1062 3058 facile

47 3081 320 3153 demonstrabunt„
345 3086 429 3166 Ante
452 3103 556 3152 tamen
581 3084 617 3149 in
639 3097 784 3168 prompua
806 3084 919 3152 habere
944 3083 1065 3150 necesse

48 3171 91 3240 est
113 3173 266 3266 quadrata
286 3197 405 3245 novem
425 3173 601 3263 primorum
622 3192 847 3250 numerorum,
870 3195 940 3262 quae
961 3173 1033 3243 sunt
1054 3184 1088 3250 ,Ἀ

46 3286 90 3348 4,
111 3287 154 3342 9,
182 3274 239 3343 16,
264 3287 324 3352 25,
350 3277 419 3354 36,
441 3291 506 3356 49,
530 3274 602 3350 64,
625 3270 695 3344 81,
718 3283 755 3333 ut
776 3263 882 3334 statim
915 3266 1065 3352 affignari

48 3355 141 3440 possit
161 3357 252 3462 radix
273 3379 347 3428 vera
363 3405 383 3436 ‚.
404 3360 455 3428 vel
475 3356 620 3448 proxime
650 3359 761 3426 minor
791 3377 866 3426 veta
897 3359 1060 3446 cujuslibet

35 3466 174 3526 ‘numen
188 3449 326 3518 minoris
346 3469 442 3538 quam
470 3469 542 3521 τοο.
1027 3461 1050 3504 ν)

96 3556 150 3624 54.
171 3541 271 3611 Detur
291 3543 327 3610 in
351 3542 409 3613 Ex.
429 3557 487 3631 320
500 3562 650 3612 numerus
677 3549 850 3630 18190225
871 3541 958 3629 cujus
979 3531 1070 3608 radi*

49 3647 118 3700 dem
142 3635 328 3716 quadratam
357 3636 518 3707 extrahme
549 3655 694 3722 oporteat
715 3684 724 3704 .
749 3633 937 3704 Numerum·
952 3635 1079 3704 datum·

49 3720 216 3812 barbaries
243 3725 385 3823 divide,
418 3749 554 3819 quarum
577 3727 706 3892 fingEulz
735 3730 812 3803 duas
830 3745 929 3814 noras
958 3724 1069 3808 contis,
